%YAML 1.1
%TAG !u! tag:unity3d.com,2011:
--- !u!29 &1
OcclusionCullingSettings:
  m_ObjectHideFlags: 0
  serializedVersion: 2
  m_OcclusionBakeSettings:
    smallestOccluder: 5
    smallestHole: 0.25
    backfaceThreshold: 100
  m_SceneGUID: 00000000000000000000000000000000
  m_OcclusionCullingData: {fileID: 0}
--- !u!104 &2
RenderSettings:
  m_ObjectHideFlags: 0
  serializedVersion: 9
  m_Fog: 0
  m_FogColor: {r: 0.5, g: 0.5, b: 0.5, a: 1}
  m_FogMode: 3
  m_FogDensity: 0.01
  m_LinearFogStart: 0
  m_LinearFogEnd: 300
  m_AmbientSkyColor: {r: 0.212, g: 0.227, b: 0.259, a: 1}
  m_AmbientEquatorColor: {r: 0.114, g: 0.125, b: 0.133, a: 1}
  m_AmbientGroundColor: {r: 0.047, g: 0.043, b: 0.035, a: 1}
  m_AmbientIntensity: 1
  m_AmbientMode: 0
  m_SubtractiveShadowColor: {r: 0.42, g: 0.478, b: 0.627, a: 1}
  m_SkyboxMaterial: {fileID: 10304, guid: 0000000000000000f000000000000000, type: 0}
  m_HaloStrength: 0.5
  m_FlareStrength: 1
  m_FlareFadeSpeed: 3
  m_HaloTexture: {fileID: 0}
  m_SpotCookie: {fileID: 10001, guid: 0000000000000000e000000000000000, type: 0}
  m_DefaultReflectionMode: 0
  m_DefaultReflectionResolution: 128
  m_ReflectionBounces: 1
  m_ReflectionIntensity: 1
  m_CustomReflection: {fileID: 0}
  m_Sun: {fileID: 705507994}
  m_IndirectSpecularColor: {r: 0.44657868, g: 0.4964124, b: 0.574817, a: 1}
  m_UseRadianceAmbientProbe: 0
--- !u!157 &3
LightmapSettings:
  m_ObjectHideFlags: 0
  serializedVersion: 11
  m_GIWorkflowMode: 0
  m_GISettings:
    serializedVersion: 2
    m_BounceScale: 1
    m_IndirectOutputScale: 1
    m_AlbedoBoost: 1
    m_EnvironmentLightingMode: 0
    m_EnableBakedLightmaps: 1
    m_EnableRealtimeLightmaps: 0
  m_LightmapEditorSettings:
    serializedVersion: 12
    m_Resolution: 2
    m_BakeResolution: 40
    m_AtlasSize: 1024
    m_AO: 0
    m_AOMaxDistance: 1
    m_CompAOExponent: 1
    m_CompAOExponentDirect: 0
    m_ExtractAmbientOcclusion: 0
    m_Padding: 2
    m_LightmapParameters: {fileID: 0}
    m_LightmapsBakeMode: 1
    m_TextureCompression: 1
    m_FinalGather: 0
    m_FinalGatherFiltering: 1
    m_FinalGatherRayCount: 256
    m_ReflectionCompression: 2
    m_MixedBakeMode: 2
    m_BakeBackend: 1
    m_PVRSampling: 1
    m_PVRDirectSampleCount: 32
    m_PVRSampleCount: 500
    m_PVRBounces: 2
    m_PVREnvironmentSampleCount: 500
    m_PVREnvironmentReferencePointCount: 2048
    m_PVRFilteringMode: 2
    m_PVRDenoiserTypeDirect: 0
    m_PVRDenoiserTypeIndirect: 0
    m_PVRDenoiserTypeAO: 0
    m_PVRFilterTypeDirect: 0
    m_PVRFilterTypeIndirect: 0
    m_PVRFilterTypeAO: 0
    m_PVREnvironmentMIS: 0
    m_PVRCulling: 1
    m_PVRFilteringGaussRadiusDirect: 1
    m_PVRFilteringGaussRadiusIndirect: 5
    m_PVRFilteringGaussRadiusAO: 2
    m_PVRFilteringAtrousPositionSigmaDirect: 0.5
    m_PVRFilteringAtrousPositionSigmaIndirect: 2
    m_PVRFilteringAtrousPositionSigmaAO: 1
    m_ExportTrainingData: 0
    m_TrainingDataDestination: TrainingData
  m_LightingDataAsset: {fileID: 0}
  m_UseShadowmask: 1
--- !u!196 &4
NavMeshSettings:
  serializedVersion: 2
  m_ObjectHideFlags: 0
  m_BuildSettings:
    serializedVersion: 2
    agentTypeID: 0
    agentRadius: 0.5
    agentHeight: 2
    agentSlope: 45
    agentClimb: 0.4
    ledgeDropHeight: 0
    maxJumpAcrossDistance: 0
    minRegionArea: 2
    manualCellSize: 0
    cellSize: 0.16666667
    manualTileSize: 0
    tileSize: 256
    accuratePlacement: 0
    debug:
      m_Flags: 0
  m_NavMeshData: {fileID: 0}
--- !u!1 &184503128 stripped
GameObject:
  m_CorrespondingSourceObject: {fileID: 7099568334182583710, guid: ec40b66161fcdf5458ccee83032f58c3,
    type: 3}
  m_PrefabInstance: {fileID: 1062627999}
  m_PrefabAsset: {fileID: 0}
--- !u!65 &184503132
BoxCollider:
  m_ObjectHideFlags: 0
  m_CorrespondingSourceObject: {fileID: 0}
  m_PrefabInstance: {fileID: 0}
  m_PrefabAsset: {fileID: 0}
  m_GameObject: {fileID: 184503128}
  m_Material: {fileID: 0}
  m_IsTrigger: 0
  m_Enabled: 1
  serializedVersion: 2
  m_Size: {x: 0.008022461, y: 0.005986436, z: 0.032776255}
  m_Center: {x: -0.00000005844049, y: -0.000000007450581, z: -0.004327244}
--- !u!1001 &220375796
PrefabInstance:
  m_ObjectHideFlags: 0
  serializedVersion: 2
  m_Modification:
    m_TransformParent: {fileID: 0}
    m_Modifications:
    - target: {fileID: 1384633641988006, guid: 0b960778462d34f7283156e4edafb7a2, type: 3}
      propertyPath: m_Name
      value: TinySauce
      objectReference: {fileID: 0}
    - target: {fileID: 4464613669252742, guid: 0b960778462d34f7283156e4edafb7a2, type: 3}
      propertyPath: m_LocalPosition.x
      value: 0
      objectReference: {fileID: 0}
    - target: {fileID: 4464613669252742, guid: 0b960778462d34f7283156e4edafb7a2, type: 3}
      propertyPath: m_LocalPosition.y
      value: 0
      objectReference: {fileID: 0}
    - target: {fileID: 4464613669252742, guid: 0b960778462d34f7283156e4edafb7a2, type: 3}
      propertyPath: m_LocalPosition.z
      value: 0
      objectReference: {fileID: 0}
    - target: {fileID: 4464613669252742, guid: 0b960778462d34f7283156e4edafb7a2, type: 3}
      propertyPath: m_LocalRotation.x
      value: -0
      objectReference: {fileID: 0}
    - target: {fileID: 4464613669252742, guid: 0b960778462d34f7283156e4edafb7a2, type: 3}
      propertyPath: m_LocalRotation.y
      value: -0
      objectReference: {fileID: 0}
    - target: {fileID: 4464613669252742, guid: 0b960778462d34f7283156e4edafb7a2, type: 3}
      propertyPath: m_LocalRotation.z
      value: -0
      objectReference: {fileID: 0}
    - target: {fileID: 4464613669252742, guid: 0b960778462d34f7283156e4edafb7a2, type: 3}
      propertyPath: m_LocalRotation.w
      value: 1
      objectReference: {fileID: 0}
    - target: {fileID: 4464613669252742, guid: 0b960778462d34f7283156e4edafb7a2, type: 3}
      propertyPath: m_RootOrder
      value: 18
      objectReference: {fileID: 0}
    - target: {fileID: 4464613669252742, guid: 0b960778462d34f7283156e4edafb7a2, type: 3}
      propertyPath: m_LocalEulerAnglesHint.x
      value: 0
      objectReference: {fileID: 0}
    - target: {fileID: 4464613669252742, guid: 0b960778462d34f7283156e4edafb7a2, type: 3}
      propertyPath: m_LocalEulerAnglesHint.y
      value: 0
      objectReference: {fileID: 0}
    - target: {fileID: 4464613669252742, guid: 0b960778462d34f7283156e4edafb7a2, type: 3}
      propertyPath: m_LocalEulerAnglesHint.z
      value: 0
      objectReference: {fileID: 0}
    m_RemovedComponents: []
  m_SourcePrefab: {fileID: 100100000, guid: 0b960778462d34f7283156e4edafb7a2, type: 3}
--- !u!1 &270310392 stripped
GameObject:
  m_CorrespondingSourceObject: {fileID: 339878542706329369, guid: ec40b66161fcdf5458ccee83032f58c3,
    type: 3}
  m_PrefabInstance: {fileID: 1062627999}
  m_PrefabAsset: {fileID: 0}
--- !u!65 &270310396
BoxCollider:
  m_ObjectHideFlags: 0
  m_CorrespondingSourceObject: {fileID: 0}
  m_PrefabInstance: {fileID: 0}
  m_PrefabAsset: {fileID: 0}
  m_GameObject: {fileID: 270310392}
  m_Material: {fileID: 0}
  m_IsTrigger: 0
  m_Enabled: 1
  serializedVersion: 2
  m_Size: {x: 0.0679383, y: 0.025002738, z: 0.024962077}
  m_Center: {x: -0.0000021923338, y: -0.000000011175871, z: 0.012481038}
--- !u!224 &286586544 stripped
RectTransform:
  m_CorrespondingSourceObject: {fileID: 3120739702347962383, guid: ef38a85c9d8f34403a2ef9d0176edb39,
    type: 3}
  m_PrefabInstance: {fileID: 3120739702097604287}
  m_PrefabAsset: {fileID: 0}
--- !u!1 &335630144
GameObject:
  m_ObjectHideFlags: 0
  m_CorrespondingSourceObject: {fileID: 0}
  m_PrefabInstance: {fileID: 0}
  m_PrefabAsset: {fileID: 0}
  serializedVersion: 6
  m_Component:
  - component: {fileID: 335630146}
  - component: {fileID: 335630145}
  m_Layer: 0
  m_Name: LevelManager
  m_TagString: Untagged
  m_Icon: {fileID: 0}
  m_NavMeshLayer: 0
  m_StaticEditorFlags: 0
  m_IsActive: 1
--- !u!114 &335630145
MonoBehaviour:
  m_ObjectHideFlags: 0
  m_CorrespondingSourceObject: {fileID: 0}
  m_PrefabInstance: {fileID: 0}
  m_PrefabAsset: {fileID: 0}
  m_GameObject: {fileID: 335630144}
  m_Enabled: 1
  m_EditorHideFlags: 0
  m_Script: {fileID: 11500000, guid: a3ec5eb35484c484899399979b6581d7, type: 3}
  m_Name: 
  m_EditorClassIdentifier: 
  ls: {fileID: 11400000, guid: e288c679b90fd4db4a3f8f74714c87b2, type: 2}
  pm: {fileID: 11400000, guid: 9a7967be02fad403ab3c5fbbdfc1fa47, type: 2}
  editMode: 0
--- !u!4 &335630146
Transform:
  m_ObjectHideFlags: 0
  m_CorrespondingSourceObject: {fileID: 0}
  m_PrefabInstance: {fileID: 0}
  m_PrefabAsset: {fileID: 0}
  m_GameObject: {fileID: 335630144}
  m_LocalRotation: {x: 0, y: 0, z: 0, w: 1}
  m_LocalPosition: {x: 4.4180193, y: 3.2202463, z: 3.006498}
  m_LocalScale: {x: 1, y: 1, z: 1}
  m_Children: []
  m_Father: {fileID: 0}
  m_RootOrder: 9
  m_LocalEulerAnglesHint: {x: 0, y: 0, z: 0}
--- !u!1 &349675478 stripped
GameObject:
  m_CorrespondingSourceObject: {fileID: -4803796538437717913, guid: ec40b66161fcdf5458ccee83032f58c3,
    type: 3}
  m_PrefabInstance: {fileID: 1062627999}
  m_PrefabAsset: {fileID: 0}
--- !u!65 &349675482
BoxCollider:
  m_ObjectHideFlags: 0
  m_CorrespondingSourceObject: {fileID: 0}
  m_PrefabInstance: {fileID: 0}
  m_PrefabAsset: {fileID: 0}
  m_GameObject: {fileID: 349675478}
  m_Material: {fileID: 0}
  m_IsTrigger: 0
  m_Enabled: 1
  serializedVersion: 2
  m_Size: {x: 0.042148035, y: 0.005986436, z: 0.027544005}
  m_Center: {x: -0.000000026077032, y: -0.000000007450581, z: -9.313226e-10}
--- !u!1 &547459796
GameObject:
  m_ObjectHideFlags: 0
  m_CorrespondingSourceObject: {fileID: 0}
  m_PrefabInstance: {fileID: 0}
  m_PrefabAsset: {fileID: 0}
  serializedVersion: 6
  m_Component:
  - component: {fileID: 547459800}
  - component: {fileID: 547459799}
  - component: {fileID: 547459798}
  - component: {fileID: 547459797}
  m_Layer: 0
  m_Name: Wall (2)
  m_TagString: Untagged
  m_Icon: {fileID: 0}
  m_NavMeshLayer: 0
  m_StaticEditorFlags: 0
  m_IsActive: 1
--- !u!64 &547459797
MeshCollider:
  m_ObjectHideFlags: 0
  m_CorrespondingSourceObject: {fileID: 0}
  m_PrefabInstance: {fileID: 0}
  m_PrefabAsset: {fileID: 0}
  m_GameObject: {fileID: 547459796}
  m_Material: {fileID: 0}
  m_IsTrigger: 0
  m_Enabled: 1
  serializedVersion: 3
  m_Convex: 0
  m_CookingOptions: 14
  m_Mesh: {fileID: 10209, guid: 0000000000000000e000000000000000, type: 0}
--- !u!23 &547459798
MeshRenderer:
  m_ObjectHideFlags: 0
  m_CorrespondingSourceObject: {fileID: 0}
  m_PrefabInstance: {fileID: 0}
  m_PrefabAsset: {fileID: 0}
  m_GameObject: {fileID: 547459796}
  m_Enabled: 1
  m_CastShadows: 1
  m_ReceiveShadows: 1
  m_DynamicOccludee: 1
  m_MotionVectors: 1
  m_LightProbeUsage: 1
  m_ReflectionProbeUsage: 1
  m_RenderingLayerMask: 1
  m_RendererPriority: 0
  m_Materials:
  - {fileID: 2100000, guid: b0c6ad49e2c2a4a2ab39fdb4373e29df, type: 2}
  m_StaticBatchInfo:
    firstSubMesh: 0
    subMeshCount: 0
  m_StaticBatchRoot: {fileID: 0}
  m_ProbeAnchor: {fileID: 0}
  m_LightProbeVolumeOverride: {fileID: 0}
  m_ScaleInLightmap: 1
  m_ReceiveGI: 1
  m_PreserveUVs: 0
  m_IgnoreNormalsForChartDetection: 0
  m_ImportantGI: 0
  m_StitchLightmapSeams: 1
  m_SelectedEditorRenderState: 3
  m_MinimumChartSize: 4
  m_AutoUVMaxDistance: 0.5
  m_AutoUVMaxAngle: 89
  m_LightmapParameters: {fileID: 0}
  m_SortingLayerID: 0
  m_SortingLayer: 0
  m_SortingOrder: 0
--- !u!33 &547459799
MeshFilter:
  m_ObjectHideFlags: 0
  m_CorrespondingSourceObject: {fileID: 0}
  m_PrefabInstance: {fileID: 0}
  m_PrefabAsset: {fileID: 0}
  m_GameObject: {fileID: 547459796}
  m_Mesh: {fileID: 10209, guid: 0000000000000000e000000000000000, type: 0}
--- !u!4 &547459800
Transform:
  m_ObjectHideFlags: 0
  m_CorrespondingSourceObject: {fileID: 0}
  m_PrefabInstance: {fileID: 0}
  m_PrefabAsset: {fileID: 0}
  m_GameObject: {fileID: 547459796}
  m_LocalRotation: {x: -0.7071068, y: 0, z: 0, w: 0.7071068}
  m_LocalPosition: {x: 31.5, y: 4, z: 49.86}
  m_LocalScale: {x: 10, y: 10, z: 10}
  m_Children: []
  m_Father: {fileID: 0}
  m_RootOrder: 5
  m_LocalEulerAnglesHint: {x: -90, y: 0, z: 0}
--- !u!1001 &677249932
PrefabInstance:
  m_ObjectHideFlags: 0
  serializedVersion: 2
  m_Modification:
    m_TransformParent: {fileID: 0}
    m_Modifications:
    - target: {fileID: 1045666597299636644, guid: aaf209fa53aec4805b001ef2be149728,
        type: 3}
      propertyPath: m_Name
      value: BigPot (1)
      objectReference: {fileID: 0}
    - target: {fileID: 1045666597299636644, guid: aaf209fa53aec4805b001ef2be149728,
        type: 3}
      propertyPath: m_Layer
      value: 10
      objectReference: {fileID: 0}
    - target: {fileID: 1447802209913567250, guid: aaf209fa53aec4805b001ef2be149728,
        type: 3}
      propertyPath: m_LocalPosition.x
      value: 5.2199984
      objectReference: {fileID: 0}
    - target: {fileID: 1447802209913567250, guid: aaf209fa53aec4805b001ef2be149728,
        type: 3}
      propertyPath: m_LocalPosition.y
      value: 2.3385675
      objectReference: {fileID: 0}
    - target: {fileID: 1447802209913567250, guid: aaf209fa53aec4805b001ef2be149728,
        type: 3}
      propertyPath: m_LocalPosition.z
      value: -1.5300524
      objectReference: {fileID: 0}
    - target: {fileID: 1447802209913567250, guid: aaf209fa53aec4805b001ef2be149728,
        type: 3}
      propertyPath: m_LocalRotation.x
      value: -0.24139962
      objectReference: {fileID: 0}
    - target: {fileID: 1447802209913567250, guid: aaf209fa53aec4805b001ef2be149728,
        type: 3}
      propertyPath: m_LocalRotation.y
      value: 0.577937
      objectReference: {fileID: 0}
    - target: {fileID: 1447802209913567250, guid: aaf209fa53aec4805b001ef2be149728,
        type: 3}
      propertyPath: m_LocalRotation.z
      value: -0.7343953
      objectReference: {fileID: 0}
    - target: {fileID: 1447802209913567250, guid: aaf209fa53aec4805b001ef2be149728,
        type: 3}
      propertyPath: m_LocalRotation.w
      value: -0.26149324
      objectReference: {fileID: 0}
    - target: {fileID: 1447802209913567250, guid: aaf209fa53aec4805b001ef2be149728,
        type: 3}
      propertyPath: m_RootOrder
      value: 10
      objectReference: {fileID: 0}
    - target: {fileID: 1447802209913567250, guid: aaf209fa53aec4805b001ef2be149728,
        type: 3}
      propertyPath: m_LocalEulerAnglesHint.x
      value: 102.81
      objectReference: {fileID: 0}
    - target: {fileID: 1447802209913567250, guid: aaf209fa53aec4805b001ef2be149728,
        type: 3}
      propertyPath: m_LocalEulerAnglesHint.y
      value: 193.65
      objectReference: {fileID: 0}
    - target: {fileID: 1447802209913567250, guid: aaf209fa53aec4805b001ef2be149728,
        type: 3}
      propertyPath: m_LocalEulerAnglesHint.z
      value: -28.284973
      objectReference: {fileID: 0}
    - target: {fileID: 3704303219315270399, guid: aaf209fa53aec4805b001ef2be149728,
        type: 3}
      propertyPath: panLevelCustomCurve.m_Curve.Array.data[0].value
      value: 0
      objectReference: {fileID: 0}
    - target: {fileID: 5365498796586150513, guid: aaf209fa53aec4805b001ef2be149728,
        type: 3}
      propertyPath: changePot
      value: 
      objectReference: {fileID: 8300000, guid: b8423f0c1aa804f72af05afe6b8ce183, type: 3}
    - target: {fileID: 5481504138568774254, guid: aaf209fa53aec4805b001ef2be149728,
        type: 3}
      propertyPath: m_Constraints
      value: 122
      objectReference: {fileID: 0}
    - target: {fileID: 5481504138568774254, guid: aaf209fa53aec4805b001ef2be149728,
        type: 3}
      propertyPath: m_Interpolate
      value: 0
      objectReference: {fileID: 0}
    - target: {fileID: 8700674664055272321, guid: aaf209fa53aec4805b001ef2be149728,
        type: 3}
      propertyPath: m_Layer
      value: 10
      objectReference: {fileID: 0}
    m_RemovedComponents: []
  m_SourcePrefab: {fileID: 100100000, guid: aaf209fa53aec4805b001ef2be149728, type: 3}
--- !u!1 &705507993
GameObject:
  m_ObjectHideFlags: 0
  m_CorrespondingSourceObject: {fileID: 0}
  m_PrefabInstance: {fileID: 0}
  m_PrefabAsset: {fileID: 0}
  serializedVersion: 6
  m_Component:
  - component: {fileID: 705507995}
  - component: {fileID: 705507994}
  m_Layer: 0
  m_Name: Directional Light
  m_TagString: Untagged
  m_Icon: {fileID: 0}
  m_NavMeshLayer: 0
  m_StaticEditorFlags: 0
  m_IsActive: 1
--- !u!108 &705507994
Light:
  m_ObjectHideFlags: 0
  m_CorrespondingSourceObject: {fileID: 0}
  m_PrefabInstance: {fileID: 0}
  m_PrefabAsset: {fileID: 0}
  m_GameObject: {fileID: 705507993}
  m_Enabled: 1
  serializedVersion: 9
  m_Type: 1
  m_Color: {r: 1, g: 0.95686275, b: 0.8392157, a: 1}
  m_Intensity: 0.7
  m_Range: 10
  m_SpotAngle: 30
  m_InnerSpotAngle: 21.802082
  m_CookieSize: 10
  m_Shadows:
    m_Type: 0
    m_Resolution: -1
    m_CustomResolution: -1
    m_Strength: 1
    m_Bias: 0.05
    m_NormalBias: 0.4
    m_NearPlane: 0.2
    m_CullingMatrixOverride:
      e00: 1
      e01: 0
      e02: 0
      e03: 0
      e10: 0
      e11: 1
      e12: 0
      e13: 0
      e20: 0
      e21: 0
      e22: 1
      e23: 0
      e30: 0
      e31: 0
      e32: 0
      e33: 1
    m_UseCullingMatrixOverride: 0
  m_Cookie: {fileID: 0}
  m_DrawHalo: 0
  m_Flare: {fileID: 0}
  m_RenderMode: 0
  m_CullingMask:
    serializedVersion: 2
    m_Bits: 4294967295
  m_RenderingLayerMask: 1
  m_Lightmapping: 1
  m_LightShadowCasterMode: 0
  m_AreaSize: {x: 1, y: 1}
  m_BounceIntensity: 1
  m_ColorTemperature: 6570
  m_UseColorTemperature: 0
  m_BoundingSphereOverride: {x: 0, y: 0, z: 0, w: 0}
  m_UseBoundingSphereOverride: 0
  m_ShadowRadius: 0
  m_ShadowAngle: 0
--- !u!4 &705507995
Transform:
  m_ObjectHideFlags: 0
  m_CorrespondingSourceObject: {fileID: 0}
  m_PrefabInstance: {fileID: 0}
  m_PrefabAsset: {fileID: 0}
  m_GameObject: {fileID: 705507993}
  m_LocalRotation: {x: 0.40821788, y: -0.23456968, z: 0.10938163, w: 0.8754261}
  m_LocalPosition: {x: 0, y: 3, z: 0}
  m_LocalScale: {x: 1, y: 1, z: 1}
  m_Children: []
  m_Father: {fileID: 0}
  m_RootOrder: 2
  m_LocalEulerAnglesHint: {x: 50, y: -30, z: 0}
--- !u!1 &820292466 stripped
GameObject:
  m_CorrespondingSourceObject: {fileID: 7661919402973532691, guid: 8be105dbf3e8e4cc0b6e1cbb1b125a12,
    type: 3}
  m_PrefabInstance: {fileID: 1990027291626199274}
  m_PrefabAsset: {fileID: 0}
--- !u!1 &963194225
GameObject:
  m_ObjectHideFlags: 0
  m_CorrespondingSourceObject: {fileID: 0}
  m_PrefabInstance: {fileID: 0}
  m_PrefabAsset: {fileID: 0}
  serializedVersion: 6
  m_Component:
  - component: {fileID: 963194228}
  - component: {fileID: 963194227}
  - component: {fileID: 963194226}
  - component: {fileID: 963194229}
  m_Layer: 0
  m_Name: Main Camera
  m_TagString: MainCamera
  m_Icon: {fileID: 0}
  m_NavMeshLayer: 0
  m_StaticEditorFlags: 0
  m_IsActive: 1
--- !u!81 &963194226
AudioListener:
  m_ObjectHideFlags: 0
  m_CorrespondingSourceObject: {fileID: 0}
  m_PrefabInstance: {fileID: 0}
  m_PrefabAsset: {fileID: 0}
  m_GameObject: {fileID: 963194225}
  m_Enabled: 1
--- !u!20 &963194227
Camera:
  m_ObjectHideFlags: 0
  m_CorrespondingSourceObject: {fileID: 0}
  m_PrefabInstance: {fileID: 0}
  m_PrefabAsset: {fileID: 0}
  m_GameObject: {fileID: 963194225}
  m_Enabled: 1
  serializedVersion: 2
  m_ClearFlags: 2
  m_BackGroundColor: {r: 0.7688679, g: 0.96585554, b: 1, a: 0}
  m_projectionMatrixMode: 1
  m_GateFitMode: 2
  m_FOVAxisMode: 0
  m_SensorSize: {x: 36, y: 24}
  m_LensShift: {x: 0, y: 0}
  m_FocalLength: 50
  m_NormalizedViewPortRect:
    serializedVersion: 2
    x: 0
    y: 0
    width: 1
    height: 1
  near clip plane: 0.3
  far clip plane: 1000
  field of view: 60
  orthographic: 0
  orthographic size: 5
  m_Depth: -1
  m_CullingMask:
    serializedVersion: 2
    m_Bits: 4294967295
  m_RenderingPath: -1
  m_TargetTexture: {fileID: 0}
  m_TargetDisplay: 0
  m_TargetEye: 3
  m_HDR: 1
  m_AllowMSAA: 1
  m_AllowDynamicResolution: 0
  m_ForceIntoRT: 0
  m_OcclusionCulling: 1
  m_StereoConvergence: 10
  m_StereoSeparation: 0.022
--- !u!4 &963194228
Transform:
  m_ObjectHideFlags: 0
  m_CorrespondingSourceObject: {fileID: 0}
  m_PrefabInstance: {fileID: 0}
  m_PrefabAsset: {fileID: 0}
  m_GameObject: {fileID: 963194225}
  m_LocalRotation: {x: 0.37630504, y: 0, z: 0, w: 0.92649585}
  m_LocalPosition: {x: 0, y: 17.5, z: -21.3}
  m_LocalScale: {x: 1, y: 1, z: 1}
  m_Children: []
  m_Father: {fileID: 0}
  m_RootOrder: 0
  m_LocalEulerAnglesHint: {x: 44.21, y: 0, z: 0}
--- !u!114 &963194229
MonoBehaviour:
  m_ObjectHideFlags: 0
  m_CorrespondingSourceObject: {fileID: 0}
  m_PrefabInstance: {fileID: 0}
  m_PrefabAsset: {fileID: 0}
  m_GameObject: {fileID: 963194225}
  m_Enabled: 1
  m_EditorHideFlags: 0
  m_Script: {fileID: 11500000, guid: 967214c9efab3413fa648a3303531f6b, type: 3}
  m_Name: 
  m_EditorClassIdentifier: 
  ball: {fileID: 820292466}
--- !u!1001 &1062627999
PrefabInstance:
  m_ObjectHideFlags: 0
  serializedVersion: 2
  m_Modification:
    m_TransformParent: {fileID: 0}
    m_Modifications:
    - target: {fileID: -8993405137843228667, guid: ec40b66161fcdf5458ccee83032f58c3,
        type: 3}
      propertyPath: m_LocalPosition.x
      value: -0.3441
      objectReference: {fileID: 0}
    - target: {fileID: -8993405137843228667, guid: ec40b66161fcdf5458ccee83032f58c3,
        type: 3}
      propertyPath: m_LocalPosition.z
      value: 0.0689
      objectReference: {fileID: 0}
    - target: {fileID: -8993405137843228667, guid: ec40b66161fcdf5458ccee83032f58c3,
        type: 3}
      propertyPath: m_LocalPosition.y
      value: 0.025
      objectReference: {fileID: 0}
    - target: {fileID: -8419368511778245470, guid: ec40b66161fcdf5458ccee83032f58c3,
        type: 3}
      propertyPath: m_LocalPosition.x
      value: -0.281
      objectReference: {fileID: 0}
    - target: {fileID: -8419368511778245470, guid: ec40b66161fcdf5458ccee83032f58c3,
        type: 3}
      propertyPath: m_LocalPosition.z
      value: 0.0658
      objectReference: {fileID: 0}
    - target: {fileID: -8419368511778245470, guid: ec40b66161fcdf5458ccee83032f58c3,
        type: 3}
      propertyPath: m_LocalPosition.y
      value: 0.0325
      objectReference: {fileID: 0}
    - target: {fileID: -8171572975495745766, guid: ec40b66161fcdf5458ccee83032f58c3,
        type: 3}
      propertyPath: m_LocalPosition.x
      value: -0.0788
      objectReference: {fileID: 0}
    - target: {fileID: -8171572975495745766, guid: ec40b66161fcdf5458ccee83032f58c3,
        type: 3}
      propertyPath: m_LocalPosition.z
      value: 0.0667
      objectReference: {fileID: 0}
    - target: {fileID: -8171572975495745766, guid: ec40b66161fcdf5458ccee83032f58c3,
        type: 3}
      propertyPath: m_LocalPosition.y
      value: 0.0592
      objectReference: {fileID: 0}
    - target: {fileID: -7908807528607477223, guid: ec40b66161fcdf5458ccee83032f58c3,
        type: 3}
      propertyPath: m_LocalPosition.x
      value: -0.335
      objectReference: {fileID: 0}
    - target: {fileID: -7908807528607477223, guid: ec40b66161fcdf5458ccee83032f58c3,
        type: 3}
      propertyPath: m_LocalPosition.z
      value: 0.0762
      objectReference: {fileID: 0}
    - target: {fileID: -7908807528607477223, guid: ec40b66161fcdf5458ccee83032f58c3,
        type: 3}
      propertyPath: m_LocalPosition.y
      value: 0.0265
      objectReference: {fileID: 0}
    - target: {fileID: -7864224469921503255, guid: ec40b66161fcdf5458ccee83032f58c3,
        type: 3}
      propertyPath: m_LocalPosition.x
      value: -0.3469
      objectReference: {fileID: 0}
    - target: {fileID: -7864224469921503255, guid: ec40b66161fcdf5458ccee83032f58c3,
        type: 3}
      propertyPath: m_LocalPosition.z
      value: 0.0762
      objectReference: {fileID: 0}
    - target: {fileID: -7452252309550313255, guid: ec40b66161fcdf5458ccee83032f58c3,
        type: 3}
      propertyPath: m_LocalPosition.x
      value: -0.3442
      objectReference: {fileID: 0}
    - target: {fileID: -7452252309550313255, guid: ec40b66161fcdf5458ccee83032f58c3,
        type: 3}
      propertyPath: m_LocalPosition.z
      value: 0.0766
      objectReference: {fileID: 0}
    - target: {fileID: -7452252309550313255, guid: ec40b66161fcdf5458ccee83032f58c3,
        type: 3}
      propertyPath: m_LocalPosition.y
      value: 0.025
      objectReference: {fileID: 0}
    - target: {fileID: -6308125476529376961, guid: ec40b66161fcdf5458ccee83032f58c3,
        type: 3}
      propertyPath: m_LocalPosition.x
      value: -0.3608
      objectReference: {fileID: 0}
    - target: {fileID: -6308125476529376961, guid: ec40b66161fcdf5458ccee83032f58c3,
        type: 3}
      propertyPath: m_LocalPosition.z
      value: 0.0766
      objectReference: {fileID: 0}
    - target: {fileID: -6308125476529376961, guid: ec40b66161fcdf5458ccee83032f58c3,
        type: 3}
      propertyPath: m_LocalPosition.y
      value: 0.0243
      objectReference: {fileID: 0}
    - target: {fileID: -6194537670652471507, guid: ec40b66161fcdf5458ccee83032f58c3,
        type: 3}
      propertyPath: m_LocalPosition.x
      value: -0.3196
      objectReference: {fileID: 0}
    - target: {fileID: -6194537670652471507, guid: ec40b66161fcdf5458ccee83032f58c3,
        type: 3}
      propertyPath: m_LocalPosition.z
      value: 0.0817
      objectReference: {fileID: 0}
    - target: {fileID: -6194537670652471507, guid: ec40b66161fcdf5458ccee83032f58c3,
        type: 3}
      propertyPath: m_LocalPosition.y
      value: 0.025
      objectReference: {fileID: 0}
    - target: {fileID: -6071096432169145910, guid: ec40b66161fcdf5458ccee83032f58c3,
        type: 3}
      propertyPath: m_LocalPosition.x
      value: -0.2045
      objectReference: {fileID: 0}
    - target: {fileID: -6071096432169145910, guid: ec40b66161fcdf5458ccee83032f58c3,
        type: 3}
      propertyPath: m_LocalPosition.z
      value: 0.0622
      objectReference: {fileID: 0}
    - target: {fileID: -6071096432169145910, guid: ec40b66161fcdf5458ccee83032f58c3,
        type: 3}
      propertyPath: m_LocalPosition.y
      value: 0.0126
      objectReference: {fileID: 0}
    - target: {fileID: -4605916702124898580, guid: ec40b66161fcdf5458ccee83032f58c3,
        type: 3}
      propertyPath: m_LocalPosition.x
      value: -0.3353
      objectReference: {fileID: 0}
    - target: {fileID: -4605916702124898580, guid: ec40b66161fcdf5458ccee83032f58c3,
        type: 3}
      propertyPath: m_LocalPosition.z
      value: 0.0824
      objectReference: {fileID: 0}
    - target: {fileID: -4605916702124898580, guid: ec40b66161fcdf5458ccee83032f58c3,
        type: 3}
      propertyPath: m_LocalPosition.y
      value: 0.0254
      objectReference: {fileID: 0}
    - target: {fileID: -4216859302048453862, guid: ec40b66161fcdf5458ccee83032f58c3,
        type: 3}
      propertyPath: m_LocalPosition.x
      value: -27.41
      objectReference: {fileID: 0}
    - target: {fileID: -4216859302048453862, guid: ec40b66161fcdf5458ccee83032f58c3,
        type: 3}
      propertyPath: m_LocalPosition.y
      value: 0.35
      objectReference: {fileID: 0}
    - target: {fileID: -4216859302048453862, guid: ec40b66161fcdf5458ccee83032f58c3,
        type: 3}
      propertyPath: m_LocalPosition.z
      value: -46.8
      objectReference: {fileID: 0}
    - target: {fileID: -4216859302048453862, guid: ec40b66161fcdf5458ccee83032f58c3,
        type: 3}
      propertyPath: m_LocalRotation.x
      value: 0
      objectReference: {fileID: 0}
    - target: {fileID: -4216859302048453862, guid: ec40b66161fcdf5458ccee83032f58c3,
        type: 3}
      propertyPath: m_LocalRotation.y
      value: 0.7071068
      objectReference: {fileID: 0}
    - target: {fileID: -4216859302048453862, guid: ec40b66161fcdf5458ccee83032f58c3,
        type: 3}
      propertyPath: m_LocalRotation.z
      value: 0
      objectReference: {fileID: 0}
    - target: {fileID: -4216859302048453862, guid: ec40b66161fcdf5458ccee83032f58c3,
        type: 3}
      propertyPath: m_LocalRotation.w
      value: 0.7071068
      objectReference: {fileID: 0}
    - target: {fileID: -4216859302048453862, guid: ec40b66161fcdf5458ccee83032f58c3,
        type: 3}
      propertyPath: m_RootOrder
      value: 1
      objectReference: {fileID: 0}
    - target: {fileID: -4216859302048453862, guid: ec40b66161fcdf5458ccee83032f58c3,
        type: 3}
      propertyPath: m_LocalEulerAnglesHint.x
      value: 0
      objectReference: {fileID: 0}
    - target: {fileID: -4216859302048453862, guid: ec40b66161fcdf5458ccee83032f58c3,
        type: 3}
      propertyPath: m_LocalEulerAnglesHint.y
      value: 90
      objectReference: {fileID: 0}
    - target: {fileID: -4216859302048453862, guid: ec40b66161fcdf5458ccee83032f58c3,
        type: 3}
      propertyPath: m_LocalEulerAnglesHint.z
      value: 0
      objectReference: {fileID: 0}
    - target: {fileID: -4216859302048453862, guid: ec40b66161fcdf5458ccee83032f58c3,
        type: 3}
      propertyPath: m_LocalScale.x
      value: 200
      objectReference: {fileID: 0}
    - target: {fileID: -4216859302048453862, guid: ec40b66161fcdf5458ccee83032f58c3,
        type: 3}
      propertyPath: m_LocalScale.y
      value: 200
      objectReference: {fileID: 0}
    - target: {fileID: -4216859302048453862, guid: ec40b66161fcdf5458ccee83032f58c3,
        type: 3}
      propertyPath: m_LocalScale.z
      value: 200
      objectReference: {fileID: 0}
    - target: {fileID: -3364713597344239170, guid: ec40b66161fcdf5458ccee83032f58c3,
        type: 3}
      propertyPath: m_LocalPosition.x
      value: -0.3724
      objectReference: {fileID: 0}
    - target: {fileID: -3364713597344239170, guid: ec40b66161fcdf5458ccee83032f58c3,
        type: 3}
      propertyPath: m_LocalPosition.z
      value: 0.0769
      objectReference: {fileID: 0}
    - target: {fileID: -3364713597344239170, guid: ec40b66161fcdf5458ccee83032f58c3,
        type: 3}
      propertyPath: m_LocalPosition.y
      value: 0.025
      objectReference: {fileID: 0}
    - target: {fileID: -3136461457842044897, guid: ec40b66161fcdf5458ccee83032f58c3,
        type: 3}
      propertyPath: m_LocalPosition.x
      value: -0.2651
      objectReference: {fileID: 0}
    - target: {fileID: -3136461457842044897, guid: ec40b66161fcdf5458ccee83032f58c3,
        type: 3}
      propertyPath: m_LocalPosition.z
      value: 0.2497
      objectReference: {fileID: 0}
    - target: {fileID: -3136461457842044897, guid: ec40b66161fcdf5458ccee83032f58c3,
        type: 3}
      propertyPath: m_LocalPosition.y
      value: 0.0126
      objectReference: {fileID: 0}
    - target: {fileID: -3136461457842044897, guid: ec40b66161fcdf5458ccee83032f58c3,
        type: 3}
      propertyPath: m_LocalRotation.x
      value: -0.5
      objectReference: {fileID: 0}
    - target: {fileID: -3136461457842044897, guid: ec40b66161fcdf5458ccee83032f58c3,
        type: 3}
      propertyPath: m_LocalRotation.y
      value: 0.5
      objectReference: {fileID: 0}
    - target: {fileID: -3136461457842044897, guid: ec40b66161fcdf5458ccee83032f58c3,
        type: 3}
      propertyPath: m_LocalRotation.z
      value: 0.5
      objectReference: {fileID: 0}
    - target: {fileID: -3136461457842044897, guid: ec40b66161fcdf5458ccee83032f58c3,
        type: 3}
      propertyPath: m_LocalRotation.w
      value: 0.5
      objectReference: {fileID: 0}
    - target: {fileID: -3136461457842044897, guid: ec40b66161fcdf5458ccee83032f58c3,
        type: 3}
      propertyPath: m_LocalEulerAnglesHint.x
      value: -90.00001
      objectReference: {fileID: 0}
    - target: {fileID: -3136461457842044897, guid: ec40b66161fcdf5458ccee83032f58c3,
        type: 3}
      propertyPath: m_LocalEulerAnglesHint.y
      value: 90
      objectReference: {fileID: 0}
    - target: {fileID: -2782383830309398624, guid: ec40b66161fcdf5458ccee83032f58c3,
        type: 3}
      propertyPath: m_LocalPosition.x
      value: -0.293
      objectReference: {fileID: 0}
    - target: {fileID: -2782383830309398624, guid: ec40b66161fcdf5458ccee83032f58c3,
        type: 3}
      propertyPath: m_LocalPosition.z
      value: 0.0658
      objectReference: {fileID: 0}
    - target: {fileID: -2782383830309398624, guid: ec40b66161fcdf5458ccee83032f58c3,
        type: 3}
      propertyPath: m_LocalPosition.y
      value: 0.0325
      objectReference: {fileID: 0}
    - target: {fileID: -2152428172775936184, guid: ec40b66161fcdf5458ccee83032f58c3,
        type: 3}
      propertyPath: m_LocalPosition.x
      value: -0.2508
      objectReference: {fileID: 0}
    - target: {fileID: -2152428172775936184, guid: ec40b66161fcdf5458ccee83032f58c3,
        type: 3}
      propertyPath: m_LocalPosition.z
      value: 0.0619
      objectReference: {fileID: 0}
    - target: {fileID: -2152428172775936184, guid: ec40b66161fcdf5458ccee83032f58c3,
        type: 3}
      propertyPath: m_LocalPosition.y
      value: 0.0122
      objectReference: {fileID: 0}
    - target: {fileID: -1410780559181864468, guid: ec40b66161fcdf5458ccee83032f58c3,
        type: 3}
      propertyPath: m_LocalPosition.x
      value: -0.3714
      objectReference: {fileID: 0}
    - target: {fileID: -1410780559181864468, guid: ec40b66161fcdf5458ccee83032f58c3,
        type: 3}
      propertyPath: m_LocalPosition.z
      value: 0.0791
      objectReference: {fileID: 0}
    - target: {fileID: -1410780559181864468, guid: ec40b66161fcdf5458ccee83032f58c3,
        type: 3}
      propertyPath: m_LocalPosition.y
      value: 0.026
      objectReference: {fileID: 0}
    - target: {fileID: -927199367670048503, guid: ec40b66161fcdf5458ccee83032f58c3,
        type: 3}
      propertyPath: m_Name
      value: kitchen_creation_kit
      objectReference: {fileID: 0}
    - target: {fileID: -473032920849083464, guid: ec40b66161fcdf5458ccee83032f58c3,
        type: 3}
      propertyPath: m_LocalPosition.x
      value: -0.1786
      objectReference: {fileID: 0}
    - target: {fileID: -473032920849083464, guid: ec40b66161fcdf5458ccee83032f58c3,
        type: 3}
      propertyPath: m_LocalPosition.z
      value: 0.0621
      objectReference: {fileID: 0}
    - target: {fileID: -473032920849083464, guid: ec40b66161fcdf5458ccee83032f58c3,
        type: 3}
      propertyPath: m_LocalPosition.y
      value: 0.0167
      objectReference: {fileID: 0}
    - target: {fileID: 866822144130354914, guid: ec40b66161fcdf5458ccee83032f58c3,
        type: 3}
      propertyPath: m_LocalPosition.x
      value: -0.3196
      objectReference: {fileID: 0}
    - target: {fileID: 866822144130354914, guid: ec40b66161fcdf5458ccee83032f58c3,
        type: 3}
      propertyPath: m_LocalPosition.z
      value: 0.0739
      objectReference: {fileID: 0}
    - target: {fileID: 866822144130354914, guid: ec40b66161fcdf5458ccee83032f58c3,
        type: 3}
      propertyPath: m_LocalPosition.y
      value: 0.025
      objectReference: {fileID: 0}
    - target: {fileID: 3702130600377092043, guid: ec40b66161fcdf5458ccee83032f58c3,
        type: 3}
      propertyPath: m_LocalPosition.x
      value: -0.3336
      objectReference: {fileID: 0}
    - target: {fileID: 3702130600377092043, guid: ec40b66161fcdf5458ccee83032f58c3,
        type: 3}
      propertyPath: m_LocalPosition.z
      value: 0.1087
      objectReference: {fileID: 0}
    - target: {fileID: 3702130600377092043, guid: ec40b66161fcdf5458ccee83032f58c3,
        type: 3}
      propertyPath: m_LocalPosition.y
      value: 0.009
      objectReference: {fileID: 0}
    - target: {fileID: 3931718558997506280, guid: ec40b66161fcdf5458ccee83032f58c3,
        type: 3}
      propertyPath: m_LocalPosition.x
      value: -0.3516
      objectReference: {fileID: 0}
    - target: {fileID: 3931718558997506280, guid: ec40b66161fcdf5458ccee83032f58c3,
        type: 3}
      propertyPath: m_LocalPosition.z
      value: 0.0766
      objectReference: {fileID: 0}
    - target: {fileID: 3931718558997506280, guid: ec40b66161fcdf5458ccee83032f58c3,
        type: 3}
      propertyPath: m_LocalPosition.y
      value: 0.025
      objectReference: {fileID: 0}
    - target: {fileID: 3992512057766420263, guid: ec40b66161fcdf5458ccee83032f58c3,
        type: 3}
      propertyPath: m_LocalPosition.x
      value: -0.3354
      objectReference: {fileID: 0}
    - target: {fileID: 3992512057766420263, guid: ec40b66161fcdf5458ccee83032f58c3,
        type: 3}
      propertyPath: m_LocalPosition.z
      value: 0.0698
      objectReference: {fileID: 0}
    - target: {fileID: 3992512057766420263, guid: ec40b66161fcdf5458ccee83032f58c3,
        type: 3}
      propertyPath: m_LocalPosition.y
      value: 0.026
      objectReference: {fileID: 0}
    - target: {fileID: 4098939857805883989, guid: ec40b66161fcdf5458ccee83032f58c3,
        type: 3}
      propertyPath: m_LocalPosition.x
      value: -0.0616
      objectReference: {fileID: 0}
    - target: {fileID: 4098939857805883989, guid: ec40b66161fcdf5458ccee83032f58c3,
        type: 3}
      propertyPath: m_LocalPosition.z
      value: 0.1068
      objectReference: {fileID: 0}
    - target: {fileID: 4098939857805883989, guid: ec40b66161fcdf5458ccee83032f58c3,
        type: 3}
      propertyPath: m_LocalPosition.y
      value: 0.0126
      objectReference: {fileID: 0}
    - target: {fileID: 4243922405919599196, guid: ec40b66161fcdf5458ccee83032f58c3,
        type: 3}
      propertyPath: m_LocalPosition.x
      value: -0.3744
      objectReference: {fileID: 0}
    - target: {fileID: 4243922405919599196, guid: ec40b66161fcdf5458ccee83032f58c3,
        type: 3}
      propertyPath: m_LocalPosition.z
      value: 0.0791
      objectReference: {fileID: 0}
    - target: {fileID: 4243922405919599196, guid: ec40b66161fcdf5458ccee83032f58c3,
        type: 3}
      propertyPath: m_LocalPosition.y
      value: 0.026
      objectReference: {fileID: 0}
    - target: {fileID: 5981730471185100552, guid: ec40b66161fcdf5458ccee83032f58c3,
        type: 3}
      propertyPath: m_LocalPosition.x
      value: -0.1415
      objectReference: {fileID: 0}
    - target: {fileID: 5981730471185100552, guid: ec40b66161fcdf5458ccee83032f58c3,
        type: 3}
      propertyPath: m_LocalPosition.z
      value: 0.0621
      objectReference: {fileID: 0}
    - target: {fileID: 5981730471185100552, guid: ec40b66161fcdf5458ccee83032f58c3,
        type: 3}
      propertyPath: m_LocalPosition.y
      value: 0.0122
      objectReference: {fileID: 0}
    - target: {fileID: 7127530999130996097, guid: ec40b66161fcdf5458ccee83032f58c3,
        type: 3}
      propertyPath: m_LocalPosition.x
      value: -0.3724
      objectReference: {fileID: 0}
    - target: {fileID: 7127530999130996097, guid: ec40b66161fcdf5458ccee83032f58c3,
        type: 3}
      propertyPath: m_LocalPosition.z
      value: 0.0741
      objectReference: {fileID: 0}
    - target: {fileID: 7127530999130996097, guid: ec40b66161fcdf5458ccee83032f58c3,
        type: 3}
      propertyPath: m_LocalPosition.y
      value: 0.027
      objectReference: {fileID: 0}
    - target: {fileID: 8116084179944622039, guid: ec40b66161fcdf5458ccee83032f58c3,
        type: 3}
      propertyPath: m_LocalPosition.x
      value: -0.0355
      objectReference: {fileID: 0}
    - target: {fileID: 8116084179944622039, guid: ec40b66161fcdf5458ccee83032f58c3,
        type: 3}
      propertyPath: m_LocalPosition.z
      value: 0.1484
      objectReference: {fileID: 0}
    - target: {fileID: 8116084179944622039, guid: ec40b66161fcdf5458ccee83032f58c3,
        type: 3}
      propertyPath: m_LocalPosition.y
      value: 0.0216
      objectReference: {fileID: 0}
    - target: {fileID: 8448335749420078752, guid: ec40b66161fcdf5458ccee83032f58c3,
        type: 3}
      propertyPath: m_LocalPosition.x
      value: -0.3061
      objectReference: {fileID: 0}
    - target: {fileID: 8448335749420078752, guid: ec40b66161fcdf5458ccee83032f58c3,
        type: 3}
      propertyPath: m_LocalPosition.z
      value: 0.0848
      objectReference: {fileID: 0}
    - target: {fileID: 8448335749420078752, guid: ec40b66161fcdf5458ccee83032f58c3,
        type: 3}
      propertyPath: m_LocalPosition.y
      value: 0.0087
      objectReference: {fileID: 0}
    - target: {fileID: 8637532331352863219, guid: ec40b66161fcdf5458ccee83032f58c3,
        type: 3}
      propertyPath: m_Enabled
      value: 1
      objectReference: {fileID: 0}
    m_RemovedComponents: []
  m_SourcePrefab: {fileID: 100100000, guid: ec40b66161fcdf5458ccee83032f58c3, type: 3}
--- !u!1 &1185521505 stripped
GameObject:
  m_CorrespondingSourceObject: {fileID: -8490125872836212460, guid: ec40b66161fcdf5458ccee83032f58c3,
    type: 3}
  m_PrefabInstance: {fileID: 1062627999}
  m_PrefabAsset: {fileID: 0}
--- !u!65 &1185521509
BoxCollider:
  m_ObjectHideFlags: 0
  m_CorrespondingSourceObject: {fileID: 0}
  m_PrefabInstance: {fileID: 0}
  m_PrefabAsset: {fileID: 0}
  m_GameObject: {fileID: 1185521505}
  m_Material: {fileID: 0}
  m_IsTrigger: 0
  m_Enabled: 1
  serializedVersion: 2
  m_Size: {x: 0.029310104, y: 0.005986436, z: 0.027544005}
  m_Center: {x: -0.0000000721775, y: -0.000000007450581, z: -9.313226e-10}
--- !u!1 &1201175903
GameObject:
  m_ObjectHideFlags: 0
  m_CorrespondingSourceObject: {fileID: 0}
  m_PrefabInstance: {fileID: 0}
  m_PrefabAsset: {fileID: 0}
  serializedVersion: 6
  m_Component:
  - component: {fileID: 1201175907}
  - component: {fileID: 1201175906}
  - component: {fileID: 1201175905}
  - component: {fileID: 1201175904}
  - component: {fileID: 1201175909}
  - component: {fileID: 1201175908}
  m_Layer: 0
  m_Name: Plane
  m_TagString: Untagged
  m_Icon: {fileID: 0}
  m_NavMeshLayer: 0
  m_StaticEditorFlags: 0
  m_IsActive: 1
--- !u!64 &1201175904
MeshCollider:
  m_ObjectHideFlags: 0
  m_CorrespondingSourceObject: {fileID: 0}
  m_PrefabInstance: {fileID: 0}
  m_PrefabAsset: {fileID: 0}
  m_GameObject: {fileID: 1201175903}
  m_Material: {fileID: 0}
  m_IsTrigger: 0
  m_Enabled: 1
  serializedVersion: 3
  m_Convex: 0
  m_CookingOptions: 14
  m_Mesh: {fileID: 10209, guid: 0000000000000000e000000000000000, type: 0}
--- !u!23 &1201175905
MeshRenderer:
  m_ObjectHideFlags: 0
  m_CorrespondingSourceObject: {fileID: 0}
  m_PrefabInstance: {fileID: 0}
  m_PrefabAsset: {fileID: 0}
  m_GameObject: {fileID: 1201175903}
  m_Enabled: 1
  m_CastShadows: 1
  m_ReceiveShadows: 1
  m_DynamicOccludee: 1
  m_MotionVectors: 1
  m_LightProbeUsage: 1
  m_ReflectionProbeUsage: 1
  m_RenderingLayerMask: 1
  m_RendererPriority: 0
  m_Materials:
  - {fileID: 2100000, guid: f1f2f2194406f447b9357899a83a57a4, type: 2}
  m_StaticBatchInfo:
    firstSubMesh: 0
    subMeshCount: 0
  m_StaticBatchRoot: {fileID: 0}
  m_ProbeAnchor: {fileID: 0}
  m_LightProbeVolumeOverride: {fileID: 0}
  m_ScaleInLightmap: 1
  m_ReceiveGI: 1
  m_PreserveUVs: 0
  m_IgnoreNormalsForChartDetection: 0
  m_ImportantGI: 0
  m_StitchLightmapSeams: 1
  m_SelectedEditorRenderState: 3
  m_MinimumChartSize: 4
  m_AutoUVMaxDistance: 0.5
  m_AutoUVMaxAngle: 89
  m_LightmapParameters: {fileID: 0}
  m_SortingLayerID: 0
  m_SortingLayer: 0
  m_SortingOrder: 0
--- !u!33 &1201175906
MeshFilter:
  m_ObjectHideFlags: 0
  m_CorrespondingSourceObject: {fileID: 0}
  m_PrefabInstance: {fileID: 0}
  m_PrefabAsset: {fileID: 0}
  m_GameObject: {fileID: 1201175903}
  m_Mesh: {fileID: 10209, guid: 0000000000000000e000000000000000, type: 0}
--- !u!4 &1201175907
Transform:
  m_ObjectHideFlags: 0
  m_CorrespondingSourceObject: {fileID: 0}
  m_PrefabInstance: {fileID: 0}
  m_PrefabAsset: {fileID: 0}
  m_GameObject: {fileID: 1201175903}
  m_LocalRotation: {x: 0, y: 0, z: 0, w: 1}
  m_LocalPosition: {x: 0, y: 0, z: 0}
  m_LocalScale: {x: 10, y: 10, z: 10}
  m_Children: []
  m_Father: {fileID: 0}
  m_RootOrder: 6
  m_LocalEulerAnglesHint: {x: 0, y: 0, z: 0}
--- !u!82 &1201175908
AudioSource:
  m_ObjectHideFlags: 0
  m_CorrespondingSourceObject: {fileID: 0}
  m_PrefabInstance: {fileID: 0}
  m_PrefabAsset: {fileID: 0}
  m_GameObject: {fileID: 1201175903}
  m_Enabled: 1
  serializedVersion: 4
  OutputAudioMixerGroup: {fileID: 0}
  m_audioClip: {fileID: 8300000, guid: eff45f7c5c8574630a0d7a54eddb449e, type: 3}
  m_PlayOnAwake: 0
  m_Volume: 1
  m_Pitch: 1
  Loop: 0
  Mute: 0
  Spatialize: 0
  SpatializePostEffects: 0
  Priority: 128
  DopplerLevel: 1
  MinDistance: 1
  MaxDistance: 500
  Pan2D: 0
  rolloffMode: 0
  BypassEffects: 0
  BypassListenerEffects: 0
  BypassReverbZones: 0
  rolloffCustomCurve:
    serializedVersion: 2
    m_Curve:
    - serializedVersion: 3
      time: 0
      value: 1
      inSlope: 0
      outSlope: 0
      tangentMode: 0
      weightedMode: 0
      inWeight: 0.33333334
      outWeight: 0.33333334
    - serializedVersion: 3
      time: 1
      value: 0
      inSlope: 0
      outSlope: 0
      tangentMode: 0
      weightedMode: 0
      inWeight: 0.33333334
      outWeight: 0.33333334
    m_PreInfinity: 2
    m_PostInfinity: 2
    m_RotationOrder: 4
  panLevelCustomCurve:
    serializedVersion: 2
    m_Curve:
    - serializedVersion: 3
      time: 0
      value: 0
      inSlope: 0
      outSlope: 0
      tangentMode: 0
      weightedMode: 0
      inWeight: 0.33333334
      outWeight: 0.33333334
    m_PreInfinity: 2
    m_PostInfinity: 2
    m_RotationOrder: 4
  spreadCustomCurve:
    serializedVersion: 2
    m_Curve:
    - serializedVersion: 3
      time: 0
      value: 0
      inSlope: 0
      outSlope: 0
      tangentMode: 0
      weightedMode: 0
      inWeight: 0.33333334
      outWeight: 0.33333334
    m_PreInfinity: 2
    m_PostInfinity: 2
    m_RotationOrder: 4
  reverbZoneMixCustomCurve:
    serializedVersion: 2
    m_Curve:
    - serializedVersion: 3
      time: 0
      value: 1
      inSlope: 0
      outSlope: 0
      tangentMode: 0
      weightedMode: 0
      inWeight: 0.33333334
      outWeight: 0.33333334
    m_PreInfinity: 2
    m_PostInfinity: 2
    m_RotationOrder: 4
--- !u!114 &1201175909
MonoBehaviour:
  m_ObjectHideFlags: 0
  m_CorrespondingSourceObject: {fileID: 0}
  m_PrefabInstance: {fileID: 0}
  m_PrefabAsset: {fileID: 0}
  m_GameObject: {fileID: 1201175903}
  m_Enabled: 1
  m_EditorHideFlags: 0
  m_Script: {fileID: 11500000, guid: 8960d3138d8a44630b3daf92503b891f, type: 3}
  m_Name: 
  m_EditorClassIdentifier: 
--- !u!1001 &1256004499
PrefabInstance:
  m_ObjectHideFlags: 0
  serializedVersion: 2
  m_Modification:
    m_TransformParent: {fileID: 0}
    m_Modifications:
    - target: {fileID: 1192168013093816063, guid: 52b07d8e6132e4e0da891c1986f7344d,
        type: 3}
      propertyPath: changePot
      value: 
      objectReference: {fileID: 8300000, guid: b8423f0c1aa804f72af05afe6b8ce183, type: 3}
    - target: {fileID: 2702232040337626534, guid: 52b07d8e6132e4e0da891c1986f7344d,
        type: 3}
      propertyPath: m_LocalRotation.x
      value: 0.21079504
      objectReference: {fileID: 0}
    - target: {fileID: 2702232040337626534, guid: 52b07d8e6132e4e0da891c1986f7344d,
        type: 3}
      propertyPath: m_LocalRotation.y
      value: 0.6749559
      objectReference: {fileID: 0}
    - target: {fileID: 2702232040337626534, guid: 52b07d8e6132e4e0da891c1986f7344d,
        type: 3}
      propertyPath: m_LocalRotation.z
      value: -0.2107949
      objectReference: {fileID: 0}
    - target: {fileID: 2702232040337626534, guid: 52b07d8e6132e4e0da891c1986f7344d,
        type: 3}
      propertyPath: m_LocalRotation.w
      value: 0.6749559
      objectReference: {fileID: 0}
    - target: {fileID: 2702232040337626534, guid: 52b07d8e6132e4e0da891c1986f7344d,
        type: 3}
      propertyPath: m_LocalPosition.x
      value: 0.01610123
      objectReference: {fileID: 0}
    - target: {fileID: 2702232040337626534, guid: 52b07d8e6132e4e0da891c1986f7344d,
        type: 3}
      propertyPath: m_LocalPosition.y
      value: -0.011144161
      objectReference: {fileID: 0}
    - target: {fileID: 2702232040337626534, guid: 52b07d8e6132e4e0da891c1986f7344d,
        type: 3}
      propertyPath: m_LocalPosition.z
      value: 0.0130576
      objectReference: {fileID: 0}
    - target: {fileID: 2702232040337626534, guid: 52b07d8e6132e4e0da891c1986f7344d,
        type: 3}
      propertyPath: m_LocalEulerAnglesHint.x
      value: 34.688004
      objectReference: {fileID: 0}
    - target: {fileID: 2702232040337626534, guid: 52b07d8e6132e4e0da891c1986f7344d,
        type: 3}
      propertyPath: m_LocalEulerAnglesHint.y
      value: 90.00001
      objectReference: {fileID: 0}
    - target: {fileID: 2702232040337626534, guid: 52b07d8e6132e4e0da891c1986f7344d,
        type: 3}
      propertyPath: m_LocalEulerAnglesHint.z
      value: 0
      objectReference: {fileID: 0}
    - target: {fileID: 4260415512991944738, guid: 52b07d8e6132e4e0da891c1986f7344d,
        type: 3}
      propertyPath: panLevelCustomCurve.m_Curve.Array.data[0].value
      value: 0
      objectReference: {fileID: 0}
    - target: {fileID: 4271510091131272658, guid: 52b07d8e6132e4e0da891c1986f7344d,
        type: 3}
      propertyPath: m_Layer
      value: 10
      objectReference: {fileID: 0}
    - target: {fileID: 5582922517643266039, guid: 52b07d8e6132e4e0da891c1986f7344d,
        type: 3}
      propertyPath: m_Name
      value: LargePot (1)
      objectReference: {fileID: 0}
    - target: {fileID: 5582922517643266039, guid: 52b07d8e6132e4e0da891c1986f7344d,
        type: 3}
      propertyPath: m_Layer
      value: 10
      objectReference: {fileID: 0}
    - target: {fileID: 6336514346474878529, guid: 52b07d8e6132e4e0da891c1986f7344d,
        type: 3}
      propertyPath: m_LocalPosition.x
      value: 3.5300002
      objectReference: {fileID: 0}
    - target: {fileID: 6336514346474878529, guid: 52b07d8e6132e4e0da891c1986f7344d,
        type: 3}
      propertyPath: m_LocalPosition.y
      value: 2.154719
      objectReference: {fileID: 0}
    - target: {fileID: 6336514346474878529, guid: 52b07d8e6132e4e0da891c1986f7344d,
        type: 3}
      propertyPath: m_LocalPosition.z
      value: -12.909998
      objectReference: {fileID: 0}
    - target: {fileID: 6336514346474878529, guid: 52b07d8e6132e4e0da891c1986f7344d,
        type: 3}
      propertyPath: m_LocalRotation.x
      value: -0.6455186
      objectReference: {fileID: 0}
    - target: {fileID: 6336514346474878529, guid: 52b07d8e6132e4e0da891c1986f7344d,
        type: 3}
      propertyPath: m_LocalRotation.y
      value: 0.49739355
      objectReference: {fileID: 0}
    - target: {fileID: 6336514346474878529, guid: 52b07d8e6132e4e0da891c1986f7344d,
        type: 3}
      propertyPath: m_LocalRotation.z
      value: -0.50165313
      objectReference: {fileID: 0}
    - target: {fileID: 6336514346474878529, guid: 52b07d8e6132e4e0da891c1986f7344d,
        type: 3}
      propertyPath: m_LocalRotation.w
      value: -0.29025793
      objectReference: {fileID: 0}
    - target: {fileID: 6336514346474878529, guid: 52b07d8e6132e4e0da891c1986f7344d,
        type: 3}
      propertyPath: m_RootOrder
      value: 17
      objectReference: {fileID: 0}
    - target: {fileID: 6336514346474878529, guid: 52b07d8e6132e4e0da891c1986f7344d,
        type: 3}
      propertyPath: m_LocalEulerAnglesHint.x
      value: 60.9
      objectReference: {fileID: 0}
    - target: {fileID: 6336514346474878529, guid: 52b07d8e6132e4e0da891c1986f7344d,
        type: 3}
      propertyPath: m_LocalEulerAnglesHint.y
      value: 132.44
      objectReference: {fileID: 0}
    - target: {fileID: 6336514346474878529, guid: 52b07d8e6132e4e0da891c1986f7344d,
        type: 3}
      propertyPath: m_LocalEulerAnglesHint.z
      value: -133.81401
      objectReference: {fileID: 0}
    - target: {fileID: 6632914590937023846, guid: 52b07d8e6132e4e0da891c1986f7344d,
        type: 3}
      propertyPath: m_Constraints
      value: 122
      objectReference: {fileID: 0}
    - target: {fileID: 6632914590937023846, guid: 52b07d8e6132e4e0da891c1986f7344d,
        type: 3}
      propertyPath: m_Interpolate
      value: 0
      objectReference: {fileID: 0}
    - target: {fileID: 7686597912968468362, guid: 52b07d8e6132e4e0da891c1986f7344d,
        type: 3}
      propertyPath: m_Layer
      value: 10
      objectReference: {fileID: 0}
    - target: {fileID: 8167711806254615475, guid: 52b07d8e6132e4e0da891c1986f7344d,
        type: 3}
      propertyPath: m_LocalRotation.x
      value: 0.21079443
      objectReference: {fileID: 0}
    - target: {fileID: 8167711806254615475, guid: 52b07d8e6132e4e0da891c1986f7344d,
        type: 3}
      propertyPath: m_LocalRotation.y
      value: 0.67495626
      objectReference: {fileID: 0}
    - target: {fileID: 8167711806254615475, guid: 52b07d8e6132e4e0da891c1986f7344d,
        type: 3}
      propertyPath: m_LocalRotation.z
      value: -0.2107953
      objectReference: {fileID: 0}
    - target: {fileID: 8167711806254615475, guid: 52b07d8e6132e4e0da891c1986f7344d,
        type: 3}
      propertyPath: m_LocalRotation.w
      value: 0.67495567
      objectReference: {fileID: 0}
    - target: {fileID: 8167711806254615475, guid: 52b07d8e6132e4e0da891c1986f7344d,
        type: 3}
      propertyPath: m_LocalPosition.x
      value: 0.019117214
      objectReference: {fileID: 0}
    - target: {fileID: 8167711806254615475, guid: 52b07d8e6132e4e0da891c1986f7344d,
        type: 3}
      propertyPath: m_LocalPosition.y
      value: -0.013253895
      objectReference: {fileID: 0}
    - target: {fileID: 8167711806254615475, guid: 52b07d8e6132e4e0da891c1986f7344d,
        type: 3}
      propertyPath: m_LocalEulerAnglesHint.x
      value: 34.688004
      objectReference: {fileID: 0}
    - target: {fileID: 8167711806254615475, guid: 52b07d8e6132e4e0da891c1986f7344d,
        type: 3}
      propertyPath: m_LocalEulerAnglesHint.y
      value: 90.00001
      objectReference: {fileID: 0}
    - target: {fileID: 8167711806254615475, guid: 52b07d8e6132e4e0da891c1986f7344d,
        type: 3}
      propertyPath: m_LocalEulerAnglesHint.z
      value: 0
      objectReference: {fileID: 0}
    - target: {fileID: 8167711806254615475, guid: 52b07d8e6132e4e0da891c1986f7344d,
        type: 3}
      propertyPath: m_LocalPosition.z
      value: 0.013057586
      objectReference: {fileID: 0}
    m_RemovedComponents: []
  m_SourcePrefab: {fileID: 100100000, guid: 52b07d8e6132e4e0da891c1986f7344d, type: 3}
--- !u!1 &1444195990 stripped
GameObject:
  m_CorrespondingSourceObject: {fileID: -6446417837803434807, guid: ec40b66161fcdf5458ccee83032f58c3,
    type: 3}
  m_PrefabInstance: {fileID: 1062627999}
  m_PrefabAsset: {fileID: 0}
--- !u!64 &1444195994
MeshCollider:
  m_ObjectHideFlags: 0
  m_CorrespondingSourceObject: {fileID: 0}
  m_PrefabInstance: {fileID: 0}
  m_PrefabAsset: {fileID: 0}
  m_GameObject: {fileID: 1444195990}
  m_Material: {fileID: 0}
  m_IsTrigger: 0
  m_Enabled: 1
  serializedVersion: 3
  m_Convex: 0
  m_CookingOptions: 14
  m_Mesh: {fileID: 4300040, guid: ec40b66161fcdf5458ccee83032f58c3, type: 3}
--- !u!1 &1459137634 stripped
GameObject:
  m_CorrespondingSourceObject: {fileID: 8231367962385410981, guid: ec40b66161fcdf5458ccee83032f58c3,
    type: 3}
  m_PrefabInstance: {fileID: 1062627999}
  m_PrefabAsset: {fileID: 0}
--- !u!65 &1459137638
BoxCollider:
  m_ObjectHideFlags: 0
  m_CorrespondingSourceObject: {fileID: 0}
  m_PrefabInstance: {fileID: 0}
  m_PrefabAsset: {fileID: 0}
  m_GameObject: {fileID: 1459137634}
  m_Material: {fileID: 0}
  m_IsTrigger: 0
  m_Enabled: 1
  serializedVersion: 2
  m_Size: {x: 0.01995244, y: 0.005986436, z: 0.027544005}
  m_Center: {x: -0.000000037718564, y: -4.6322114e-23, z: -9.313226e-10}
--- !u!1 &1483487868 stripped
GameObject:
  m_CorrespondingSourceObject: {fileID: -6756449483227937701, guid: ec40b66161fcdf5458ccee83032f58c3,
    type: 3}
  m_PrefabInstance: {fileID: 1062627999}
  m_PrefabAsset: {fileID: 0}
--- !u!65 &1483487872
BoxCollider:
  m_ObjectHideFlags: 0
  m_CorrespondingSourceObject: {fileID: 0}
  m_PrefabInstance: {fileID: 0}
  m_PrefabAsset: {fileID: 0}
  m_GameObject: {fileID: 1483487868}
  m_Material: {fileID: 0}
  m_IsTrigger: 0
  m_Enabled: 1
  serializedVersion: 2
  m_Size: {x: 0.008022461, y: 0.005986436, z: 0.040448997}
  m_Center: {x: -0.00000006216578, y: -0.000000007450581, z: -0.008163613}
--- !u!1 &1667929936
GameObject:
  m_ObjectHideFlags: 0
  m_CorrespondingSourceObject: {fileID: 0}
  m_PrefabInstance: {fileID: 0}
  m_PrefabAsset: {fileID: 0}
  serializedVersion: 6
  m_Component:
  - component: {fileID: 1667929939}
  - component: {fileID: 1667929938}
  - component: {fileID: 1667929937}
  m_Layer: 0
  m_Name: EventSystem
  m_TagString: Untagged
  m_Icon: {fileID: 0}
  m_NavMeshLayer: 0
  m_StaticEditorFlags: 0
  m_IsActive: 1
--- !u!114 &1667929937
MonoBehaviour:
  m_ObjectHideFlags: 0
  m_CorrespondingSourceObject: {fileID: 0}
  m_PrefabInstance: {fileID: 0}
  m_PrefabAsset: {fileID: 0}
  m_GameObject: {fileID: 1667929936}
  m_Enabled: 1
  m_EditorHideFlags: 0
  m_Script: {fileID: 11500000, guid: 4f231c4fb786f3946a6b90b886c48677, type: 3}
  m_Name: 
  m_EditorClassIdentifier: 
  m_HorizontalAxis: Horizontal
  m_VerticalAxis: Vertical
  m_SubmitButton: Submit
  m_CancelButton: Cancel
  m_InputActionsPerSecond: 10
  m_RepeatDelay: 0.5
  m_ForceModuleActive: 0
--- !u!114 &1667929938
MonoBehaviour:
  m_ObjectHideFlags: 0
  m_CorrespondingSourceObject: {fileID: 0}
  m_PrefabInstance: {fileID: 0}
  m_PrefabAsset: {fileID: 0}
  m_GameObject: {fileID: 1667929936}
  m_Enabled: 1
  m_EditorHideFlags: 0
  m_Script: {fileID: 11500000, guid: 76c392e42b5098c458856cdf6ecaaaa1, type: 3}
  m_Name: 
  m_EditorClassIdentifier: 
  m_FirstSelected: {fileID: 0}
  m_sendNavigationEvents: 1
  m_DragThreshold: 10
--- !u!4 &1667929939
Transform:
  m_ObjectHideFlags: 0
  m_CorrespondingSourceObject: {fileID: 0}
  m_PrefabInstance: {fileID: 0}
  m_PrefabAsset: {fileID: 0}
  m_GameObject: {fileID: 1667929936}
  m_LocalRotation: {x: 0, y: 0, z: 0, w: 1}
  m_LocalPosition: {x: 0, y: 0, z: 0}
  m_LocalScale: {x: 1, y: 1, z: 1}
  m_Children: []
  m_Father: {fileID: 0}
  m_RootOrder: 8
  m_LocalEulerAnglesHint: {x: 0, y: 0, z: 0}
--- !u!1 &1692885908 stripped
GameObject:
  m_CorrespondingSourceObject: {fileID: -1899586560178818158, guid: ec40b66161fcdf5458ccee83032f58c3,
    type: 3}
  m_PrefabInstance: {fileID: 1062627999}
  m_PrefabAsset: {fileID: 0}
--- !u!65 &1692885912
BoxCollider:
  m_ObjectHideFlags: 0
  m_CorrespondingSourceObject: {fileID: 0}
  m_PrefabInstance: {fileID: 0}
  m_PrefabAsset: {fileID: 0}
  m_GameObject: {fileID: 1692885908}
  m_Material: {fileID: 0}
  m_IsTrigger: 0
  m_Enabled: 1
  serializedVersion: 2
  m_Size: {x: 0.008022461, y: 0.005986436, z: 0.024722802}
  m_Center: {x: -0.00000004353933, y: -0.000000007450581, z: -0.0003005169}
--- !u!1 &1877501743
GameObject:
  m_ObjectHideFlags: 0
  m_CorrespondingSourceObject: {fileID: 0}
  m_PrefabInstance: {fileID: 0}
  m_PrefabAsset: {fileID: 0}
  serializedVersion: 6
  m_Component:
  - component: {fileID: 1877501747}
  - component: {fileID: 1877501746}
  - component: {fileID: 1877501745}
  - component: {fileID: 1877501744}
  - component: {fileID: 1877501748}
  m_Layer: 5
  m_Name: Canvas
  m_TagString: Untagged
  m_Icon: {fileID: 0}
  m_NavMeshLayer: 0
  m_StaticEditorFlags: 0
  m_IsActive: 1
--- !u!114 &1877501744
MonoBehaviour:
  m_ObjectHideFlags: 0
  m_CorrespondingSourceObject: {fileID: 0}
  m_PrefabInstance: {fileID: 0}
  m_PrefabAsset: {fileID: 0}
  m_GameObject: {fileID: 1877501743}
  m_Enabled: 1
  m_EditorHideFlags: 0
  m_Script: {fileID: 11500000, guid: dc42784cf147c0c48a680349fa168899, type: 3}
  m_Name: 
  m_EditorClassIdentifier: 
  m_IgnoreReversedGraphics: 1
  m_BlockingObjects: 0
  m_BlockingMask:
    serializedVersion: 2
    m_Bits: 4294967295
--- !u!114 &1877501745
MonoBehaviour:
  m_ObjectHideFlags: 0
  m_CorrespondingSourceObject: {fileID: 0}
  m_PrefabInstance: {fileID: 0}
  m_PrefabAsset: {fileID: 0}
  m_GameObject: {fileID: 1877501743}
  m_Enabled: 1
  m_EditorHideFlags: 0
  m_Script: {fileID: 11500000, guid: 0cd44c1031e13a943bb63640046fad76, type: 3}
  m_Name: 
  m_EditorClassIdentifier: 
  m_UiScaleMode: 1
  m_ReferencePixelsPerUnit: 100
  m_ScaleFactor: 1
  m_ReferenceResolution: {x: 1080, y: 1920}
  m_ScreenMatchMode: 0
  m_MatchWidthOrHeight: 0
  m_PhysicalUnit: 3
  m_FallbackScreenDPI: 96
  m_DefaultSpriteDPI: 96
  m_DynamicPixelsPerUnit: 1
--- !u!223 &1877501746
Canvas:
  m_ObjectHideFlags: 0
  m_CorrespondingSourceObject: {fileID: 0}
  m_PrefabInstance: {fileID: 0}
  m_PrefabAsset: {fileID: 0}
  m_GameObject: {fileID: 1877501743}
  m_Enabled: 1
  serializedVersion: 3
  m_RenderMode: 0
  m_Camera: {fileID: 963194227}
  m_PlaneDistance: 1
  m_PixelPerfect: 0
  m_ReceivesEvents: 1
  m_OverrideSorting: 0
  m_OverridePixelPerfect: 0
  m_SortingBucketNormalizedSize: 0
  m_AdditionalShaderChannelsFlag: 25
  m_SortingLayerID: 0
  m_SortingOrder: 0
  m_TargetDisplay: 0
--- !u!224 &1877501747
RectTransform:
  m_ObjectHideFlags: 0
  m_CorrespondingSourceObject: {fileID: 0}
  m_PrefabInstance: {fileID: 0}
  m_PrefabAsset: {fileID: 0}
  m_GameObject: {fileID: 1877501743}
  m_LocalRotation: {x: 0, y: 0, z: 0, w: 1}
  m_LocalPosition: {x: 0, y: 0, z: 0}
  m_LocalScale: {x: 0, y: 0, z: 0}
  m_Children:
  - {fileID: 286586544}
  m_Father: {fileID: 0}
  m_RootOrder: 7
  m_LocalEulerAnglesHint: {x: 0, y: 0, z: 0}
  m_AnchorMin: {x: 0, y: 0}
  m_AnchorMax: {x: 0, y: 0}
  m_AnchoredPosition: {x: 0, y: 0}
  m_SizeDelta: {x: 0, y: 0}
  m_Pivot: {x: 0, y: 0}
--- !u!114 &1877501748
MonoBehaviour:
  m_ObjectHideFlags: 0
  m_CorrespondingSourceObject: {fileID: 0}
  m_PrefabInstance: {fileID: 0}
  m_PrefabAsset: {fileID: 0}
  m_GameObject: {fileID: 1877501743}
  m_Enabled: 1
  m_EditorHideFlags: 0
  m_Script: {fileID: 11500000, guid: ba047de8d84fa4d65b5e5e141998b55e, type: 3}
  m_Name: 
  m_EditorClassIdentifier: 
  circleiPhone: {fileID: 7410039659663771245, guid: e1441db340340480bb8d1639460002eb,
    type: 3}
  circleiPad: {fileID: 4713158154103196367, guid: ccd2a9e85d4814875a1b8223855addcf,
    type: 3}
  circleiPhoneX: {fileID: 2060627310085328921, guid: 355b15336d21d4fb3baa5e6c1129eaa9,
    type: 3}
--- !u!1 &1886276404
GameObject:
  m_ObjectHideFlags: 0
  m_CorrespondingSourceObject: {fileID: 0}
  m_PrefabInstance: {fileID: 0}
  m_PrefabAsset: {fileID: 0}
  serializedVersion: 6
  m_Component:
  - component: {fileID: 1886276408}
  - component: {fileID: 1886276407}
  - component: {fileID: 1886276406}
  - component: {fileID: 1886276405}
  m_Layer: 0
  m_Name: Wall
  m_TagString: Untagged
  m_Icon: {fileID: 0}
  m_NavMeshLayer: 0
  m_StaticEditorFlags: 0
  m_IsActive: 1
--- !u!64 &1886276405
MeshCollider:
  m_ObjectHideFlags: 0
  m_CorrespondingSourceObject: {fileID: 0}
  m_PrefabInstance: {fileID: 0}
  m_PrefabAsset: {fileID: 0}
  m_GameObject: {fileID: 1886276404}
  m_Material: {fileID: 0}
  m_IsTrigger: 0
  m_Enabled: 1
  serializedVersion: 3
  m_Convex: 0
  m_CookingOptions: 14
  m_Mesh: {fileID: 10209, guid: 0000000000000000e000000000000000, type: 0}
--- !u!23 &1886276406
MeshRenderer:
  m_ObjectHideFlags: 0
  m_CorrespondingSourceObject: {fileID: 0}
  m_PrefabInstance: {fileID: 0}
  m_PrefabAsset: {fileID: 0}
  m_GameObject: {fileID: 1886276404}
  m_Enabled: 1
  m_CastShadows: 1
  m_ReceiveShadows: 1
  m_DynamicOccludee: 1
  m_MotionVectors: 1
  m_LightProbeUsage: 1
  m_ReflectionProbeUsage: 1
  m_RenderingLayerMask: 1
  m_RendererPriority: 0
  m_Materials:
  - {fileID: 2100000, guid: b0c6ad49e2c2a4a2ab39fdb4373e29df, type: 2}
  m_StaticBatchInfo:
    firstSubMesh: 0
    subMeshCount: 0
  m_StaticBatchRoot: {fileID: 0}
  m_ProbeAnchor: {fileID: 0}
  m_LightProbeVolumeOverride: {fileID: 0}
  m_ScaleInLightmap: 1
  m_ReceiveGI: 1
  m_PreserveUVs: 0
  m_IgnoreNormalsForChartDetection: 0
  m_ImportantGI: 0
  m_StitchLightmapSeams: 1
  m_SelectedEditorRenderState: 3
  m_MinimumChartSize: 4
  m_AutoUVMaxDistance: 0.5
  m_AutoUVMaxAngle: 89
  m_LightmapParameters: {fileID: 0}
  m_SortingLayerID: 0
  m_SortingLayer: 0
  m_SortingOrder: 0
--- !u!33 &1886276407
MeshFilter:
  m_ObjectHideFlags: 0
  m_CorrespondingSourceObject: {fileID: 0}
  m_PrefabInstance: {fileID: 0}
  m_PrefabAsset: {fileID: 0}
  m_GameObject: {fileID: 1886276404}
  m_Mesh: {fileID: 10209, guid: 0000000000000000e000000000000000, type: 0}
--- !u!4 &1886276408
Transform:
  m_ObjectHideFlags: 0
  m_CorrespondingSourceObject: {fileID: 0}
  m_PrefabInstance: {fileID: 0}
  m_PrefabAsset: {fileID: 0}
  m_GameObject: {fileID: 1886276404}
  m_LocalRotation: {x: 0, y: 0, z: -0.7071068, w: 0.7071068}
  m_LocalPosition: {x: -15.57, y: 4, z: 0}
  m_LocalScale: {x: 10, y: 10, z: 10}
  m_Children: []
  m_Father: {fileID: 0}
  m_RootOrder: 3
  m_LocalEulerAnglesHint: {x: 0, y: 0, z: -90}
--- !u!1 &1948172804 stripped
GameObject:
  m_CorrespondingSourceObject: {fileID: -7640759548074395293, guid: ec40b66161fcdf5458ccee83032f58c3,
    type: 3}
  m_PrefabInstance: {fileID: 1062627999}
  m_PrefabAsset: {fileID: 0}
--- !u!65 &1948172808
BoxCollider:
  m_ObjectHideFlags: 0
  m_CorrespondingSourceObject: {fileID: 0}
  m_PrefabInstance: {fileID: 0}
  m_PrefabAsset: {fileID: 0}
  m_GameObject: {fileID: 1948172804}
  m_Material: {fileID: 0}
  m_IsTrigger: 0
  m_Enabled: 1
  serializedVersion: 2
  m_Size: {x: 0.08962291, y: 0.09476377, z: 0.025222285}
  m_Center: {x: 0.0000000018626487, y: -0.00000001490116, z: -9.313226e-10}
--- !u!1 &2001678645 stripped
GameObject:
  m_CorrespondingSourceObject: {fileID: -136737747431834187, guid: ec40b66161fcdf5458ccee83032f58c3,
    type: 3}
  m_PrefabInstance: {fileID: 1062627999}
  m_PrefabAsset: {fileID: 0}
--- !u!65 &2001678649
BoxCollider:
  m_ObjectHideFlags: 0
  m_CorrespondingSourceObject: {fileID: 0}
  m_PrefabInstance: {fileID: 0}
  m_PrefabAsset: {fileID: 0}
  m_GameObject: {fileID: 2001678645}
  m_Material: {fileID: 0}
  m_IsTrigger: 0
  m_Enabled: 1
  serializedVersion: 2
  m_Size: {x: 0.010317868, y: 0.010101555, z: 0.017863836}
  m_Center: {x: -0.000000103376806, y: -0.000000016763806, z: -4.656614e-10}
--- !u!1 &2125735724
GameObject:
  m_ObjectHideFlags: 0
  m_CorrespondingSourceObject: {fileID: 0}
  m_PrefabInstance: {fileID: 0}
  m_PrefabAsset: {fileID: 0}
  serializedVersion: 6
  m_Component:
  - component: {fileID: 2125735728}
  - component: {fileID: 2125735727}
  - component: {fileID: 2125735726}
  - component: {fileID: 2125735725}
  m_Layer: 0
  m_Name: Wall (1)
  m_TagString: Untagged
  m_Icon: {fileID: 0}
  m_NavMeshLayer: 0
  m_StaticEditorFlags: 0
  m_IsActive: 1
--- !u!64 &2125735725
MeshCollider:
  m_ObjectHideFlags: 0
  m_CorrespondingSourceObject: {fileID: 0}
  m_PrefabInstance: {fileID: 0}
  m_PrefabAsset: {fileID: 0}
  m_GameObject: {fileID: 2125735724}
  m_Material: {fileID: 0}
  m_IsTrigger: 0
  m_Enabled: 1
  serializedVersion: 3
  m_Convex: 0
  m_CookingOptions: 14
  m_Mesh: {fileID: 10209, guid: 0000000000000000e000000000000000, type: 0}
--- !u!23 &2125735726
MeshRenderer:
  m_ObjectHideFlags: 0
  m_CorrespondingSourceObject: {fileID: 0}
  m_PrefabInstance: {fileID: 0}
  m_PrefabAsset: {fileID: 0}
  m_GameObject: {fileID: 2125735724}
  m_Enabled: 1
  m_CastShadows: 1
  m_ReceiveShadows: 1
  m_DynamicOccludee: 1
  m_MotionVectors: 1
  m_LightProbeUsage: 1
  m_ReflectionProbeUsage: 1
  m_RenderingLayerMask: 1
  m_RendererPriority: 0
  m_Materials:
  - {fileID: 2100000, guid: b0c6ad49e2c2a4a2ab39fdb4373e29df, type: 2}
  m_StaticBatchInfo:
    firstSubMesh: 0
    subMeshCount: 0
  m_StaticBatchRoot: {fileID: 0}
  m_ProbeAnchor: {fileID: 0}
  m_LightProbeVolumeOverride: {fileID: 0}
  m_ScaleInLightmap: 1
  m_ReceiveGI: 1
  m_PreserveUVs: 0
  m_IgnoreNormalsForChartDetection: 0
  m_ImportantGI: 0
  m_StitchLightmapSeams: 1
  m_SelectedEditorRenderState: 3
  m_MinimumChartSize: 4
  m_AutoUVMaxDistance: 0.5
  m_AutoUVMaxAngle: 89
  m_LightmapParameters: {fileID: 0}
  m_SortingLayerID: 0
  m_SortingLayer: 0
  m_SortingOrder: 0
--- !u!33 &2125735727
MeshFilter:
  m_ObjectHideFlags: 0
  m_CorrespondingSourceObject: {fileID: 0}
  m_PrefabInstance: {fileID: 0}
  m_PrefabAsset: {fileID: 0}
  m_GameObject: {fileID: 2125735724}
  m_Mesh: {fileID: 10209, guid: 0000000000000000e000000000000000, type: 0}
--- !u!4 &2125735728
Transform:
  m_ObjectHideFlags: 0
  m_CorrespondingSourceObject: {fileID: 0}
  m_PrefabInstance: {fileID: 0}
  m_PrefabAsset: {fileID: 0}
  m_GameObject: {fileID: 2125735724}
  m_LocalRotation: {x: 0, y: 0, z: 0.7071068, w: 0.7071068}
  m_LocalPosition: {x: 31.5, y: 4, z: 0}
  m_LocalScale: {x: 10, y: 10, z: 10}
  m_Children: []
  m_Father: {fileID: 0}
  m_RootOrder: 4
  m_LocalEulerAnglesHint: {x: 0, y: 0, z: 90}
--- !u!1001 &1537956631875788274
PrefabInstance:
  m_ObjectHideFlags: 0
  serializedVersion: 2
  m_Modification:
    m_TransformParent: {fileID: 0}
    m_Modifications:
    - target: {fileID: 1045666597299636644, guid: aaf209fa53aec4805b001ef2be149728,
        type: 3}
      propertyPath: m_Name
      value: BigPot
      objectReference: {fileID: 0}
    - target: {fileID: 1045666597299636644, guid: aaf209fa53aec4805b001ef2be149728,
        type: 3}
      propertyPath: m_Layer
      value: 10
      objectReference: {fileID: 0}
    - target: {fileID: 1447802209913567250, guid: aaf209fa53aec4805b001ef2be149728,
        type: 3}
      propertyPath: m_LocalPosition.x
      value: -0.95996857
      objectReference: {fileID: 0}
    - target: {fileID: 1447802209913567250, guid: aaf209fa53aec4805b001ef2be149728,
        type: 3}
      propertyPath: m_LocalPosition.y
      value: 2.3386874
      objectReference: {fileID: 0}
    - target: {fileID: 1447802209913567250, guid: aaf209fa53aec4805b001ef2be149728,
        type: 3}
      propertyPath: m_LocalPosition.z
      value: 0.34997058
      objectReference: {fileID: 0}
    - target: {fileID: 1447802209913567250, guid: aaf209fa53aec4805b001ef2be149728,
        type: 3}
      propertyPath: m_LocalRotation.x
      value: -0.3552262
      objectReference: {fileID: 0}
    - target: {fileID: 1447802209913567250, guid: aaf209fa53aec4805b001ef2be149728,
        type: 3}
      propertyPath: m_LocalRotation.y
      value: 0.5602949
      objectReference: {fileID: 0}
    - target: {fileID: 1447802209913567250, guid: aaf209fa53aec4805b001ef2be149728,
        type: 3}
      propertyPath: m_LocalRotation.z
      value: -0.6602499
      objectReference: {fileID: 0}
    - target: {fileID: 1447802209913567250, guid: aaf209fa53aec4805b001ef2be149728,
        type: 3}
      propertyPath: m_LocalRotation.w
      value: -0.35207102
      objectReference: {fileID: 0}
    - target: {fileID: 1447802209913567250, guid: aaf209fa53aec4805b001ef2be149728,
        type: 3}
      propertyPath: m_RootOrder
      value: 13
      objectReference: {fileID: 0}
    - target: {fileID: 1447802209913567250, guid: aaf209fa53aec4805b001ef2be149728,
        type: 3}
      propertyPath: m_LocalEulerAnglesHint.x
      value: 98.11
      objectReference: {fileID: 0}
    - target: {fileID: 1447802209913567250, guid: aaf209fa53aec4805b001ef2be149728,
        type: 3}
      propertyPath: m_LocalEulerAnglesHint.y
      value: 211.9
      objectReference: {fileID: 0}
    - target: {fileID: 1447802209913567250, guid: aaf209fa53aec4805b001ef2be149728,
        type: 3}
      propertyPath: m_LocalEulerAnglesHint.z
      value: -28.283997
      objectReference: {fileID: 0}
    - target: {fileID: 3704303219315270399, guid: aaf209fa53aec4805b001ef2be149728,
        type: 3}
      propertyPath: panLevelCustomCurve.m_Curve.Array.data[0].value
      value: 0
      objectReference: {fileID: 0}
    - target: {fileID: 5365498796586150513, guid: aaf209fa53aec4805b001ef2be149728,
        type: 3}
      propertyPath: changePot
      value: 
      objectReference: {fileID: 8300000, guid: b8423f0c1aa804f72af05afe6b8ce183, type: 3}
    - target: {fileID: 5481504138568774254, guid: aaf209fa53aec4805b001ef2be149728,
        type: 3}
      propertyPath: m_Constraints
      value: 122
      objectReference: {fileID: 0}
    - target: {fileID: 5481504138568774254, guid: aaf209fa53aec4805b001ef2be149728,
        type: 3}
      propertyPath: m_Interpolate
      value: 0
      objectReference: {fileID: 0}
    - target: {fileID: 8700674664055272321, guid: aaf209fa53aec4805b001ef2be149728,
        type: 3}
      propertyPath: m_Layer
      value: 10
      objectReference: {fileID: 0}
    m_RemovedComponents: []
  m_SourcePrefab: {fileID: 100100000, guid: aaf209fa53aec4805b001ef2be149728, type: 3}
--- !u!1001 &1990027291626199274
PrefabInstance:
  m_ObjectHideFlags: 0
  serializedVersion: 2
  m_Modification:
    m_TransformParent: {fileID: 0}
    m_Modifications:
    - target: {fileID: 820292472, guid: 8be105dbf3e8e4cc0b6e1cbb1b125a12, type: 3}
      propertyPath: m_Parameters.colorGradient.atime2
      value: 53585
      objectReference: {fileID: 0}
    - target: {fileID: 820292472, guid: 8be105dbf3e8e4cc0b6e1cbb1b125a12, type: 3}
      propertyPath: m_Parameters.colorGradient.atime1
      value: 50115
      objectReference: {fileID: 0}
    - target: {fileID: 820292473, guid: 8be105dbf3e8e4cc0b6e1cbb1b125a12, type: 3}
      propertyPath: arrow
      value: 
      objectReference: {fileID: 7449609220140302556}
    - target: {fileID: 820292473, guid: 8be105dbf3e8e4cc0b6e1cbb1b125a12, type: 3}
      propertyPath: WinMenu
      value: 
      objectReference: {fileID: 2951666048236006381, guid: a96151ea161a74a288baf644fc65610b,
        type: 3}
    - target: {fileID: 6633734918251732992, guid: 8be105dbf3e8e4cc0b6e1cbb1b125a12,
        type: 3}
      propertyPath: m_LocalPosition.x
      value: 3.39
      objectReference: {fileID: 0}
    - target: {fileID: 6633734918251732992, guid: 8be105dbf3e8e4cc0b6e1cbb1b125a12,
        type: 3}
      propertyPath: m_LocalPosition.y
      value: 7.9
      objectReference: {fileID: 0}
    - target: {fileID: 6633734918251732992, guid: 8be105dbf3e8e4cc0b6e1cbb1b125a12,
        type: 3}
      propertyPath: m_LocalPosition.z
      value: -7.38
      objectReference: {fileID: 0}
    - target: {fileID: 6633734918251732992, guid: 8be105dbf3e8e4cc0b6e1cbb1b125a12,
        type: 3}
      propertyPath: m_LocalRotation.x
      value: 0
      objectReference: {fileID: 0}
    - target: {fileID: 6633734918251732992, guid: 8be105dbf3e8e4cc0b6e1cbb1b125a12,
        type: 3}
      propertyPath: m_LocalRotation.y
      value: 0
      objectReference: {fileID: 0}
    - target: {fileID: 6633734918251732992, guid: 8be105dbf3e8e4cc0b6e1cbb1b125a12,
        type: 3}
      propertyPath: m_LocalRotation.z
      value: 0
      objectReference: {fileID: 0}
    - target: {fileID: 6633734918251732992, guid: 8be105dbf3e8e4cc0b6e1cbb1b125a12,
        type: 3}
      propertyPath: m_LocalRotation.w
      value: 1
      objectReference: {fileID: 0}
    - target: {fileID: 6633734918251732992, guid: 8be105dbf3e8e4cc0b6e1cbb1b125a12,
        type: 3}
      propertyPath: m_RootOrder
      value: 11
      objectReference: {fileID: 0}
    - target: {fileID: 6633734918251732992, guid: 8be105dbf3e8e4cc0b6e1cbb1b125a12,
        type: 3}
      propertyPath: m_LocalEulerAnglesHint.x
      value: 0
      objectReference: {fileID: 0}
    - target: {fileID: 6633734918251732992, guid: 8be105dbf3e8e4cc0b6e1cbb1b125a12,
        type: 3}
      propertyPath: m_LocalEulerAnglesHint.y
      value: 0
      objectReference: {fileID: 0}
    - target: {fileID: 6633734918251732992, guid: 8be105dbf3e8e4cc0b6e1cbb1b125a12,
        type: 3}
      propertyPath: m_LocalEulerAnglesHint.z
      value: 0
      objectReference: {fileID: 0}
    - target: {fileID: 7661919402973532691, guid: 8be105dbf3e8e4cc0b6e1cbb1b125a12,
        type: 3}
      propertyPath: m_Name
      value: BallHighPoly
      objectReference: {fileID: 0}
    m_RemovedComponents: []
  m_SourcePrefab: {fileID: 100100000, guid: 8be105dbf3e8e4cc0b6e1cbb1b125a12, type: 3}
--- !u!1001 &3120739702097604287
PrefabInstance:
  m_ObjectHideFlags: 0
  serializedVersion: 2
  m_Modification:
    m_TransformParent: {fileID: 1877501747}
    m_Modifications:
    - target: {fileID: 3120739702347962383, guid: ef38a85c9d8f34403a2ef9d0176edb39,
        type: 3}
      propertyPath: m_LocalPosition.x
      value: 0
      objectReference: {fileID: 0}
    - target: {fileID: 3120739702347962383, guid: ef38a85c9d8f34403a2ef9d0176edb39,
        type: 3}
      propertyPath: m_LocalPosition.y
      value: 0
      objectReference: {fileID: 0}
    - target: {fileID: 3120739702347962383, guid: ef38a85c9d8f34403a2ef9d0176edb39,
        type: 3}
      propertyPath: m_LocalPosition.z
      value: 0
      objectReference: {fileID: 0}
    - target: {fileID: 3120739702347962383, guid: ef38a85c9d8f34403a2ef9d0176edb39,
        type: 3}
      propertyPath: m_LocalRotation.x
      value: 0
      objectReference: {fileID: 0}
    - target: {fileID: 3120739702347962383, guid: ef38a85c9d8f34403a2ef9d0176edb39,
        type: 3}
      propertyPath: m_LocalRotation.y
      value: 0
      objectReference: {fileID: 0}
    - target: {fileID: 3120739702347962383, guid: ef38a85c9d8f34403a2ef9d0176edb39,
        type: 3}
      propertyPath: m_LocalRotation.z
      value: 0
      objectReference: {fileID: 0}
    - target: {fileID: 3120739702347962383, guid: ef38a85c9d8f34403a2ef9d0176edb39,
        type: 3}
      propertyPath: m_LocalRotation.w
      value: 1
      objectReference: {fileID: 0}
    - target: {fileID: 3120739702347962383, guid: ef38a85c9d8f34403a2ef9d0176edb39,
        type: 3}
      propertyPath: m_RootOrder
      value: 0
      objectReference: {fileID: 0}
    - target: {fileID: 3120739702347962383, guid: ef38a85c9d8f34403a2ef9d0176edb39,
        type: 3}
      propertyPath: m_LocalEulerAnglesHint.x
      value: 0
      objectReference: {fileID: 0}
    - target: {fileID: 3120739702347962383, guid: ef38a85c9d8f34403a2ef9d0176edb39,
        type: 3}
      propertyPath: m_LocalEulerAnglesHint.y
      value: 0
      objectReference: {fileID: 0}
    - target: {fileID: 3120739702347962383, guid: ef38a85c9d8f34403a2ef9d0176edb39,
        type: 3}
      propertyPath: m_LocalEulerAnglesHint.z
      value: 0
      objectReference: {fileID: 0}
    - target: {fileID: 3120739702347962383, guid: ef38a85c9d8f34403a2ef9d0176edb39,
        type: 3}
      propertyPath: m_AnchoredPosition.x
      value: 0
      objectReference: {fileID: 0}
    - target: {fileID: 3120739702347962383, guid: ef38a85c9d8f34403a2ef9d0176edb39,
        type: 3}
      propertyPath: m_AnchoredPosition.y
      value: -90
      objectReference: {fileID: 0}
    - target: {fileID: 3120739702347962383, guid: ef38a85c9d8f34403a2ef9d0176edb39,
        type: 3}
      propertyPath: m_SizeDelta.x
      value: 160
      objectReference: {fileID: 0}
    - target: {fileID: 3120739702347962383, guid: ef38a85c9d8f34403a2ef9d0176edb39,
        type: 3}
      propertyPath: m_SizeDelta.y
      value: 20
      objectReference: {fileID: 0}
    - target: {fileID: 3120739702347962383, guid: ef38a85c9d8f34403a2ef9d0176edb39,
        type: 3}
      propertyPath: m_AnchorMin.x
      value: 0.5
      objectReference: {fileID: 0}
    - target: {fileID: 3120739702347962383, guid: ef38a85c9d8f34403a2ef9d0176edb39,
        type: 3}
      propertyPath: m_AnchorMin.y
      value: 1
      objectReference: {fileID: 0}
    - target: {fileID: 3120739702347962383, guid: ef38a85c9d8f34403a2ef9d0176edb39,
        type: 3}
      propertyPath: m_AnchorMax.x
      value: 0.5
      objectReference: {fileID: 0}
    - target: {fileID: 3120739702347962383, guid: ef38a85c9d8f34403a2ef9d0176edb39,
        type: 3}
      propertyPath: m_AnchorMax.y
      value: 1
      objectReference: {fileID: 0}
    - target: {fileID: 3120739702347962383, guid: ef38a85c9d8f34403a2ef9d0176edb39,
        type: 3}
      propertyPath: m_Pivot.x
      value: 0.5
      objectReference: {fileID: 0}
    - target: {fileID: 3120739702347962383, guid: ef38a85c9d8f34403a2ef9d0176edb39,
        type: 3}
      propertyPath: m_Pivot.y
      value: 0.5
      objectReference: {fileID: 0}
    - target: {fileID: 3120739702347962384, guid: ef38a85c9d8f34403a2ef9d0176edb39,
        type: 3}
      propertyPath: m_Name
      value: Slider
      objectReference: {fileID: 0}
    - target: {fileID: 3120739703957467569, guid: ef38a85c9d8f34403a2ef9d0176edb39,
        type: 3}
      propertyPath: m_AnchorMax.x
      value: 0
      objectReference: {fileID: 0}
    - target: {fileID: 3120739703957467569, guid: ef38a85c9d8f34403a2ef9d0176edb39,
        type: 3}
      propertyPath: m_AnchorMax.y
      value: 0
      objectReference: {fileID: 0}
    m_RemovedComponents: []
  m_SourcePrefab: {fileID: 100100000, guid: ef38a85c9d8f34403a2ef9d0176edb39, type: 3}
--- !u!1001 &4543977736654566773
PrefabInstance:
  m_ObjectHideFlags: 0
  serializedVersion: 2
  m_Modification:
    m_TransformParent: {fileID: 0}
    m_Modifications:
    - target: {fileID: 2655554774591242130, guid: d143bf1354bd34c7a931dadff272cb66,
        type: 3}
      propertyPath: m_Name
      value: Pan
      objectReference: {fileID: 0}
    - target: {fileID: 2655554774591242130, guid: d143bf1354bd34c7a931dadff272cb66,
        type: 3}
      propertyPath: m_Layer
      value: 10
      objectReference: {fileID: 0}
    - target: {fileID: 4113016129481186130, guid: d143bf1354bd34c7a931dadff272cb66,
        type: 3}
      propertyPath: changePot
      value: 
      objectReference: {fileID: 8300000, guid: b8423f0c1aa804f72af05afe6b8ce183, type: 3}
    - target: {fileID: 4489869707351903780, guid: d143bf1354bd34c7a931dadff272cb66,
        type: 3}
      propertyPath: m_LocalPosition.x
      value: -2.1699855
      objectReference: {fileID: 0}
    - target: {fileID: 4489869707351903780, guid: d143bf1354bd34c7a931dadff272cb66,
        type: 3}
      propertyPath: m_LocalPosition.y
      value: 0.96638596
      objectReference: {fileID: 0}
    - target: {fileID: 4489869707351903780, guid: d143bf1354bd34c7a931dadff272cb66,
        type: 3}
      propertyPath: m_LocalPosition.z
      value: -6.440013
      objectReference: {fileID: 0}
    - target: {fileID: 4489869707351903780, guid: d143bf1354bd34c7a931dadff272cb66,
        type: 3}
      propertyPath: m_LocalRotation.x
      value: 0.14677343
      objectReference: {fileID: 0}
    - target: {fileID: 4489869707351903780, guid: d143bf1354bd34c7a931dadff272cb66,
        type: 3}
      propertyPath: m_LocalRotation.y
      value: -0.6629056
      objectReference: {fileID: 0}
    - target: {fileID: 4489869707351903780, guid: d143bf1354bd34c7a931dadff272cb66,
        type: 3}
      propertyPath: m_LocalRotation.z
      value: 0.73410374
      objectReference: {fileID: 0}
    - target: {fileID: 4489869707351903780, guid: d143bf1354bd34c7a931dadff272cb66,
        type: 3}
      propertyPath: m_LocalRotation.w
      value: -0.010278406
      objectReference: {fileID: 0}
    - target: {fileID: 4489869707351903780, guid: d143bf1354bd34c7a931dadff272cb66,
        type: 3}
      propertyPath: m_RootOrder
      value: 15
      objectReference: {fileID: 0}
    - target: {fileID: 4489869707351903780, guid: d143bf1354bd34c7a931dadff272cb66,
        type: 3}
      propertyPath: m_LocalEulerAnglesHint.x
      value: 104.00101
      objectReference: {fileID: 0}
    - target: {fileID: 4489869707351903780, guid: d143bf1354bd34c7a931dadff272cb66,
        type: 3}
      propertyPath: m_LocalEulerAnglesHint.y
      value: -108.7
      objectReference: {fileID: 0}
    - target: {fileID: 4489869707351903780, guid: d143bf1354bd34c7a931dadff272cb66,
        type: 3}
      propertyPath: m_LocalEulerAnglesHint.z
      value: 60.132996
      objectReference: {fileID: 0}
    - target: {fileID: 4543977737466408473, guid: d143bf1354bd34c7a931dadff272cb66,
        type: 3}
      propertyPath: m_Layer
      value: 10
      objectReference: {fileID: 0}
    - target: {fileID: 6212620376395249623, guid: d143bf1354bd34c7a931dadff272cb66,
        type: 3}
      propertyPath: m_Constraints
      value: 122
      objectReference: {fileID: 0}
    - target: {fileID: 6212620376395249623, guid: d143bf1354bd34c7a931dadff272cb66,
        type: 3}
      propertyPath: m_Interpolate
      value: 0
      objectReference: {fileID: 0}
    - target: {fileID: 7125586770263235877, guid: d143bf1354bd34c7a931dadff272cb66,
        type: 3}
      propertyPath: panLevelCustomCurve.m_Curve.Array.data[0].value
      value: 0
      objectReference: {fileID: 0}
    - target: {fileID: 9050652206379939222, guid: d143bf1354bd34c7a931dadff272cb66,
        type: 3}
      propertyPath: m_Layer
      value: 10
      objectReference: {fileID: 0}
    m_RemovedComponents: []
  m_SourcePrefab: {fileID: 100100000, guid: d143bf1354bd34c7a931dadff272cb66, type: 3}
--- !u!1001 &4777018971673849258
PrefabInstance:
  m_ObjectHideFlags: 0
  serializedVersion: 2
  m_Modification:
    m_TransformParent: {fileID: 0}
    m_Modifications:
    - target: {fileID: 845565552705788780, guid: a128d738125a8415084cc618a4eaeca8,
        type: 3}
      propertyPath: m_LocalPosition.x
      value: 3.8196983
      objectReference: {fileID: 0}
    - target: {fileID: 845565552705788780, guid: a128d738125a8415084cc618a4eaeca8,
        type: 3}
      propertyPath: m_LocalPosition.y
      value: 1.7018619
      objectReference: {fileID: 0}
    - target: {fileID: 845565552705788780, guid: a128d738125a8415084cc618a4eaeca8,
        type: 3}
      propertyPath: m_LocalPosition.z
      value: -7.9306035
      objectReference: {fileID: 0}
    - target: {fileID: 845565552705788780, guid: a128d738125a8415084cc618a4eaeca8,
        type: 3}
      propertyPath: m_LocalRotation.x
      value: -0.05913045
      objectReference: {fileID: 0}
    - target: {fileID: 845565552705788780, guid: a128d738125a8415084cc618a4eaeca8,
        type: 3}
      propertyPath: m_LocalRotation.y
      value: -0.6763749
      objectReference: {fileID: 0}
    - target: {fileID: 845565552705788780, guid: a128d738125a8415084cc618a4eaeca8,
        type: 3}
      propertyPath: m_LocalRotation.z
      value: 0.7093575
      objectReference: {fileID: 0}
    - target: {fileID: 845565552705788780, guid: a128d738125a8415084cc618a4eaeca8,
        type: 3}
      propertyPath: m_LocalRotation.w
      value: -0.18929519
      objectReference: {fileID: 0}
    - target: {fileID: 845565552705788780, guid: a128d738125a8415084cc618a4eaeca8,
        type: 3}
      propertyPath: m_RootOrder
      value: 16
      objectReference: {fileID: 0}
    - target: {fileID: 845565552705788780, guid: a128d738125a8415084cc618a4eaeca8,
        type: 3}
      propertyPath: m_LocalEulerAnglesHint.x
      value: 0
      objectReference: {fileID: 0}
    - target: {fileID: 845565552705788780, guid: a128d738125a8415084cc618a4eaeca8,
        type: 3}
      propertyPath: m_LocalEulerAnglesHint.y
      value: 0
      objectReference: {fileID: 0}
    - target: {fileID: 845565552705788780, guid: a128d738125a8415084cc618a4eaeca8,
        type: 3}
      propertyPath: m_LocalEulerAnglesHint.z
      value: 0
      objectReference: {fileID: 0}
    - target: {fileID: 1236617607133588186, guid: a128d738125a8415084cc618a4eaeca8,
        type: 3}
      propertyPath: m_Name
      value: BigPotWithHandle
      objectReference: {fileID: 0}
    - target: {fileID: 1236617607133588186, guid: a128d738125a8415084cc618a4eaeca8,
        type: 3}
      propertyPath: m_Layer
      value: 10
      objectReference: {fileID: 0}
    - target: {fileID: 3858782402933285156, guid: a128d738125a8415084cc618a4eaeca8,
        type: 3}
      propertyPath: changePot
      value: 
      objectReference: {fileID: 8300000, guid: b8423f0c1aa804f72af05afe6b8ce183, type: 3}
    - target: {fileID: 5001027325562086508, guid: a128d738125a8415084cc618a4eaeca8,
        type: 3}
      propertyPath: m_Constraints
      value: 122
      objectReference: {fileID: 0}
    - target: {fileID: 5001027325562086508, guid: a128d738125a8415084cc618a4eaeca8,
        type: 3}
      propertyPath: m_Interpolate
      value: 0
      objectReference: {fileID: 0}
    - target: {fileID: 7295859980464720031, guid: a128d738125a8415084cc618a4eaeca8,
        type: 3}
      propertyPath: m_Layer
      value: 10
      objectReference: {fileID: 0}
    - target: {fileID: 8490490154330440502, guid: a128d738125a8415084cc618a4eaeca8,
        type: 3}
      propertyPath: panLevelCustomCurve.m_Curve.Array.data[0].value
      value: 0
      objectReference: {fileID: 0}
    m_RemovedComponents: []
  m_SourcePrefab: {fileID: 100100000, guid: a128d738125a8415084cc618a4eaeca8, type: 3}
--- !u!1001 &6246379576227525611
PrefabInstance:
  m_ObjectHideFlags: 0
  serializedVersion: 2
  m_Modification:
    m_TransformParent: {fileID: 0}
    m_Modifications:
    - target: {fileID: 1192168013093816063, guid: 52b07d8e6132e4e0da891c1986f7344d,
        type: 3}
      propertyPath: changePot
      value: 
      objectReference: {fileID: 8300000, guid: b8423f0c1aa804f72af05afe6b8ce183, type: 3}
    - target: {fileID: 2702232040337626534, guid: 52b07d8e6132e4e0da891c1986f7344d,
        type: 3}
      propertyPath: m_LocalRotation.x
      value: 0.21079504
      objectReference: {fileID: 0}
    - target: {fileID: 2702232040337626534, guid: 52b07d8e6132e4e0da891c1986f7344d,
        type: 3}
      propertyPath: m_LocalRotation.y
      value: 0.6749559
      objectReference: {fileID: 0}
    - target: {fileID: 2702232040337626534, guid: 52b07d8e6132e4e0da891c1986f7344d,
        type: 3}
      propertyPath: m_LocalRotation.z
      value: -0.2107949
      objectReference: {fileID: 0}
    - target: {fileID: 2702232040337626534, guid: 52b07d8e6132e4e0da891c1986f7344d,
        type: 3}
      propertyPath: m_LocalRotation.w
      value: 0.6749559
      objectReference: {fileID: 0}
    - target: {fileID: 2702232040337626534, guid: 52b07d8e6132e4e0da891c1986f7344d,
        type: 3}
      propertyPath: m_LocalPosition.x
      value: 0.01610123
      objectReference: {fileID: 0}
    - target: {fileID: 2702232040337626534, guid: 52b07d8e6132e4e0da891c1986f7344d,
        type: 3}
      propertyPath: m_LocalPosition.y
      value: -0.011144161
      objectReference: {fileID: 0}
    - target: {fileID: 2702232040337626534, guid: 52b07d8e6132e4e0da891c1986f7344d,
        type: 3}
      propertyPath: m_LocalPosition.z
      value: 0.0130576
      objectReference: {fileID: 0}
    - target: {fileID: 2702232040337626534, guid: 52b07d8e6132e4e0da891c1986f7344d,
        type: 3}
      propertyPath: m_LocalEulerAnglesHint.x
      value: 34.688004
      objectReference: {fileID: 0}
    - target: {fileID: 2702232040337626534, guid: 52b07d8e6132e4e0da891c1986f7344d,
        type: 3}
      propertyPath: m_LocalEulerAnglesHint.y
      value: 90.00001
      objectReference: {fileID: 0}
    - target: {fileID: 2702232040337626534, guid: 52b07d8e6132e4e0da891c1986f7344d,
        type: 3}
      propertyPath: m_LocalEulerAnglesHint.z
      value: 0
      objectReference: {fileID: 0}
    - target: {fileID: 4260415512991944738, guid: 52b07d8e6132e4e0da891c1986f7344d,
        type: 3}
      propertyPath: panLevelCustomCurve.m_Curve.Array.data[0].value
      value: 0
      objectReference: {fileID: 0}
    - target: {fileID: 4271510091131272658, guid: 52b07d8e6132e4e0da891c1986f7344d,
        type: 3}
      propertyPath: m_Layer
      value: 10
      objectReference: {fileID: 0}
    - target: {fileID: 5582922517643266039, guid: 52b07d8e6132e4e0da891c1986f7344d,
        type: 3}
      propertyPath: m_Name
      value: LargePot
      objectReference: {fileID: 0}
    - target: {fileID: 5582922517643266039, guid: 52b07d8e6132e4e0da891c1986f7344d,
        type: 3}
      propertyPath: m_Layer
      value: 10
      objectReference: {fileID: 0}
    - target: {fileID: 6336514346474878529, guid: 52b07d8e6132e4e0da891c1986f7344d,
        type: 3}
      propertyPath: m_LocalPosition.x
      value: -3.3099933
      objectReference: {fileID: 0}
    - target: {fileID: 6336514346474878529, guid: 52b07d8e6132e4e0da891c1986f7344d,
        type: 3}
      propertyPath: m_LocalPosition.y
      value: 2.1547203
      objectReference: {fileID: 0}
    - target: {fileID: 6336514346474878529, guid: 52b07d8e6132e4e0da891c1986f7344d,
        type: 3}
      propertyPath: m_LocalPosition.z
      value: -11.330011
      objectReference: {fileID: 0}
    - target: {fileID: 6336514346474878529, guid: 52b07d8e6132e4e0da891c1986f7344d,
        type: 3}
      propertyPath: m_LocalRotation.x
      value: 0.8058212
      objectReference: {fileID: 0}
    - target: {fileID: 6336514346474878529, guid: 52b07d8e6132e4e0da891c1986f7344d,
        type: 3}
      propertyPath: m_LocalRotation.y
      value: -0.12144446
      objectReference: {fileID: 0}
    - target: {fileID: 6336514346474878529, guid: 52b07d8e6132e4e0da891c1986f7344d,
        type: 3}
      propertyPath: m_LocalRotation.z
      value: -0.13785715
      objectReference: {fileID: 0}
    - target: {fileID: 6336514346474878529, guid: 52b07d8e6132e4e0da891c1986f7344d,
        type: 3}
      propertyPath: m_LocalRotation.w
      value: 0.56293786
      objectReference: {fileID: 0}
    - target: {fileID: 6336514346474878529, guid: 52b07d8e6132e4e0da891c1986f7344d,
        type: 3}
      propertyPath: m_RootOrder
      value: 14
      objectReference: {fileID: 0}
    - target: {fileID: 6336514346474878529, guid: 52b07d8e6132e4e0da891c1986f7344d,
        type: 3}
      propertyPath: m_LocalEulerAnglesHint.x
      value: 60.9
      objectReference: {fileID: 0}
    - target: {fileID: 6336514346474878529, guid: 52b07d8e6132e4e0da891c1986f7344d,
        type: 3}
      propertyPath: m_LocalEulerAnglesHint.y
      value: -132.44
      objectReference: {fileID: 0}
    - target: {fileID: 6336514346474878529, guid: 52b07d8e6132e4e0da891c1986f7344d,
        type: 3}
      propertyPath: m_LocalEulerAnglesHint.z
      value: -133.81401
      objectReference: {fileID: 0}
    - target: {fileID: 6632914590937023846, guid: 52b07d8e6132e4e0da891c1986f7344d,
        type: 3}
      propertyPath: m_Constraints
      value: 122
      objectReference: {fileID: 0}
    - target: {fileID: 6632914590937023846, guid: 52b07d8e6132e4e0da891c1986f7344d,
        type: 3}
      propertyPath: m_Interpolate
      value: 0
      objectReference: {fileID: 0}
    - target: {fileID: 7686597912968468362, guid: 52b07d8e6132e4e0da891c1986f7344d,
        type: 3}
      propertyPath: m_Layer
      value: 10
      objectReference: {fileID: 0}
    - target: {fileID: 8167711806254615475, guid: 52b07d8e6132e4e0da891c1986f7344d,
        type: 3}
      propertyPath: m_LocalRotation.x
      value: 0.21079443
      objectReference: {fileID: 0}
    - target: {fileID: 8167711806254615475, guid: 52b07d8e6132e4e0da891c1986f7344d,
        type: 3}
      propertyPath: m_LocalRotation.y
      value: 0.67495626
      objectReference: {fileID: 0}
    - target: {fileID: 8167711806254615475, guid: 52b07d8e6132e4e0da891c1986f7344d,
        type: 3}
      propertyPath: m_LocalRotation.z
      value: -0.2107953
      objectReference: {fileID: 0}
    - target: {fileID: 8167711806254615475, guid: 52b07d8e6132e4e0da891c1986f7344d,
        type: 3}
      propertyPath: m_LocalRotation.w
      value: 0.67495567
      objectReference: {fileID: 0}
    - target: {fileID: 8167711806254615475, guid: 52b07d8e6132e4e0da891c1986f7344d,
        type: 3}
      propertyPath: m_LocalPosition.x
      value: 0.019117214
      objectReference: {fileID: 0}
    - target: {fileID: 8167711806254615475, guid: 52b07d8e6132e4e0da891c1986f7344d,
        type: 3}
      propertyPath: m_LocalPosition.y
      value: -0.013253895
      objectReference: {fileID: 0}
    - target: {fileID: 8167711806254615475, guid: 52b07d8e6132e4e0da891c1986f7344d,
        type: 3}
      propertyPath: m_LocalEulerAnglesHint.x
      value: 34.688004
      objectReference: {fileID: 0}
    - target: {fileID: 8167711806254615475, guid: 52b07d8e6132e4e0da891c1986f7344d,
        type: 3}
      propertyPath: m_LocalEulerAnglesHint.y
      value: 90.00001
      objectReference: {fileID: 0}
    - target: {fileID: 8167711806254615475, guid: 52b07d8e6132e4e0da891c1986f7344d,
        type: 3}
      propertyPath: m_LocalEulerAnglesHint.z
      value: 0
      objectReference: {fileID: 0}
    - target: {fileID: 8167711806254615475, guid: 52b07d8e6132e4e0da891c1986f7344d,
        type: 3}
      propertyPath: m_LocalPosition.z
      value: 0.013057586
      objectReference: {fileID: 0}
    m_RemovedComponents: []
  m_SourcePrefab: {fileID: 100100000, guid: 52b07d8e6132e4e0da891c1986f7344d, type: 3}
--- !u!1001 &7449609220140302555
PrefabInstance:
  m_ObjectHideFlags: 0
  serializedVersion: 2
  m_Modification:
    m_TransformParent: {fileID: 0}
    m_Modifications:
    - target: {fileID: 1460214163617406652, guid: 7fffa51e71d684d049c8d62ac5bd67ca,
        type: 3}
      propertyPath: m_Name
      value: Cup
      objectReference: {fileID: 0}
    - target: {fileID: 1460214163617406652, guid: 7fffa51e71d684d049c8d62ac5bd67ca,
        type: 3}
      propertyPath: m_Layer
      value: 11
      objectReference: {fileID: 0}
    - target: {fileID: 2456960795620027567, guid: 7fffa51e71d684d049c8d62ac5bd67ca,
        type: 3}
      propertyPath: m_LocalPosition.x
      value: 0.99
      objectReference: {fileID: 0}
    - target: {fileID: 2456960795620027567, guid: 7fffa51e71d684d049c8d62ac5bd67ca,
        type: 3}
      propertyPath: m_LocalPosition.y
      value: 1
      objectReference: {fileID: 0}
    - target: {fileID: 2456960795620027567, guid: 7fffa51e71d684d049c8d62ac5bd67ca,
        type: 3}
      propertyPath: m_LocalPosition.z
      value: -10.8
      objectReference: {fileID: 0}
    - target: {fileID: 2456960795620027567, guid: 7fffa51e71d684d049c8d62ac5bd67ca,
        type: 3}
      propertyPath: m_LocalRotation.x
      value: -0.6548035
      objectReference: {fileID: 0}
    - target: {fileID: 2456960795620027567, guid: 7fffa51e71d684d049c8d62ac5bd67ca,
        type: 3}
      propertyPath: m_LocalRotation.y
      value: -0.26689395
      objectReference: {fileID: 0}
    - target: {fileID: 2456960795620027567, guid: 7fffa51e71d684d049c8d62ac5bd67ca,
        type: 3}
      propertyPath: m_LocalRotation.z
      value: -0.26689398
      objectReference: {fileID: 0}
    - target: {fileID: 2456960795620027567, guid: 7fffa51e71d684d049c8d62ac5bd67ca,
        type: 3}
      propertyPath: m_LocalRotation.w
      value: 0.65480345
      objectReference: {fileID: 0}
    - target: {fileID: 2456960795620027567, guid: 7fffa51e71d684d049c8d62ac5bd67ca,
        type: 3}
      propertyPath: m_RootOrder
      value: 12
      objectReference: {fileID: 0}
    - target: {fileID: 2456960795620027567, guid: 7fffa51e71d684d049c8d62ac5bd67ca,
        type: 3}
      propertyPath: m_LocalEulerAnglesHint.x
      value: -90.00001
      objectReference: {fileID: 0}
    - target: {fileID: 2456960795620027567, guid: 7fffa51e71d684d049c8d62ac5bd67ca,
        type: 3}
      propertyPath: m_LocalEulerAnglesHint.y
      value: 0
      objectReference: {fileID: 0}
    - target: {fileID: 2456960795620027567, guid: 7fffa51e71d684d049c8d62ac5bd67ca,
        type: 3}
      propertyPath: m_LocalEulerAnglesHint.z
      value: -44.351
      objectReference: {fileID: 0}
    m_RemovedComponents: []
  m_SourcePrefab: {fileID: 100100000, guid: 7fffa51e71d684d049c8d62ac5bd67ca, type: 3}
--- !u!1 &7449609220140302556 stripped
GameObject:
  m_CorrespondingSourceObject: {fileID: 7449609219306011955, guid: 7fffa51e71d684d049c8d62ac5bd67ca,
    type: 3}
  m_PrefabInstance: {fileID: 7449609220140302555}
  m_PrefabAsset: {fileID: 0}
